4930 6176
697 620 736 682 16
1294 627 1652 692 demutat

695 824 781 898 bosa
820 827 1000 926 diligentia
1033 831 1133 926 quasi
1166 832 1324 905 oculatus
1353 835 1450 906 testis
1484 835 1664 922 describit,
1698 843 1737 907 nt
1766 857 1847 906 eum
1876 830 2065 904 Romulum
2091 834 2128 899 et
2152 825 2245 898 Re-

695 968 794 1018 mum
827 971 936 1044 quum
972 947 1075 1048 lupae
1108 949 1274 1023 uberibus
1310 952 1482 1026 alerentur
1517 953 1733 1051 conspexisse
1769 960 1881 1050 putes.
1948 947 2053 1026 Quod
2092 952 2148 1018 est
2193 941 2242 1014 in

696 1061 756 1137 illa
778 1064 987 1164 antiquitate
1010 1067 1157 1165 simplex
1182 1077 1217 1142 et
1238 1070 1448 1158 incomtum,
1474 1072 1567 1170 apud
1591 1072 1687 1144 illum
1710 1069 1904 1168 sophisticis
1926 1064 2073 1163 argutiis
2099 1063 2243 1159 depra-

700 1191 812 1271 vatur,
834 1193 869 1256 et
891 1185 949 1258 vix
972 1187 1135 1284 equidem
1162 1197 1263 1262 teneo
1285 1187 1392 1262 risum
1417 1189 1478 1262 ubi
1501 1189 1691 1264 Romulum
1714 1189 1829 1286 ipsum
1852 1186 1955 1261 audio
1979 1195 2096 1282 raptas
2124 1176 2243 1252 Sabi·

699 1327 827 1376 norum
862 1304 1012 1402 virginea
1043 1307 1225 1380 artificiosa
1253 1316 1289 1380 et
1315 1307 1518 1380 calamistris
1542 1311 1657 1381 inusta
1678 1308 1829 1381 oratione
1852 1305 1899 1380 ita
1919 1303 2158 1378 consolantem
2191 1305 2242 1370 ut

702 1445 760 1496 eas
796 1424 1011 1519 argumentis
1045 1433 1080 1497 et
1115 1425 1283 1523 exemplis
1315 1451 1357 1498 ex
1390 1437 1501 1500 velere
1532 1429 1738 1500 Graecorum
1772 1425 1912 1498 historia
1947 1421 2066 1521 petitis
2101 1418 2242 1490 doceat

704 1565 774 1614 non
805 1566 880 1614 esse
903 1542 999 1614 aliud
1024 1544 1235 1618 matrimonii
1258 1569 1371 1643 genus
1398 1546 1524 1618 melius
1550 1571 1652 1644 quam
1682 1555 1721 1618 ut
1743 1543 1892 1642 virgines
1913 1569 1934 1616 a
1954 1539 2092 1638 cupidis
2113 1533 2242 1636 procis

702 1685 764 1758 per
796 1659 866 1732 vim
897 1661 1086 1760 rapiantur.
1138 1662 1195 1735 Sic
1228 1663 1378 1760 pueriles
1413 1663 1547 1736 fabulas
1578 1665 1694 1760 inepta
1731 1662 1936 1760 loquacitate
1966 1683 2076 1758 quum
2102 1674 2242 1728 ornare

702 1779 776 1852 vult
812 1781 904 1852 ultro
945 1780 1134 1877 corrumpit
1168 1806 1207 1854 ac
1241 1781 1328 1852 nihil
1363 1781 1456 1879 apud
1487 1806 1566 1854 eum
1606 1781 1747 1854 interest
1777 1779 1940 1851 Davusne
1980 1776 2143 1872 loquatur
2184 1793 2240 1844 an

704 1899 816 1972 heros.
853 1897 1008 1970 Pellucet
1033 1898 1163 1995 ubique
1187 1900 1223 1971 in
1244 1899 1356 1997 longis
1376 1899 1582 1998 ambagibus
1603 1901 1718 1972 rhetor
1737 1895 1949 1970 umbraticus
1968 1894 2030 1992 qui
2051 1886 2243 1990 quidquid

704 2017 823 2114 attigit
857 2015 1044 2113 sophistico
1076 2026 1111 2090 et
1145 2017 1387 2090 declamatorio
1417 2017 1527 2091 colore
1559 2018 1663 2116 tingit
1699 2026 1734 2090 et
1768 2018 1816 2089 sic
1847 2025 1886 2090 ut
1916 2015 2020 2088 verbo
2048 2009 2241 2086 absolvam

705 2135 879 2232 quidquid
912 2135 1029 2232 attigit
1062 2143 1163 2208 acuto
1190 2147 1226 2209 at
1258 2137 1436 2234 ingenioso
1469 2137 1585 2210 lectori
1617 2136 1827 2235 pessumdat.
1895 2135 1987 2220 Sunt
2022 2131 2082 2206 alii
2120 2128 2241 2201 etiam

706 2253 902 2328 deteriores.
948 2253 985 2324 Si
1012 2254 1201 2327 Romulum
1229 2255 1316 2328 lerre
1340 2279 1491 2353 nequeas
1518 2256 1693 2354 pueriliter
1721 2255 2020 2338 declamitantem,
2051 2248 2140 2347 quid
2164 2246 2242 2321 erit

706 2371 736 2444 si
768 2371 945 2444 Adamum
973 2371 1094 2444 audias
1123 2398 1203 2445 oum
1237 2399 1342 2446 uxore
1373 2375 1445 2447 Eva
1474 2375 1720 2472 argutantemi’
1759 2374 1902 2472 Depone
1935 2371 2020 2446 mihi
2056 2368 2242 2442 rhetorem

704 2489 1044 2564 Halicarnassensem
1079 2516 1098 2563 e
1133 2491 1294 2564 manibus
1333 2501 1368 2564 et
1405 2493 1561 2566 Flavium
1599 2491 1791 2590 Josephum
1826 2491 1978 2590 inspice,
2015 2488 2078 2588 qui
2112 2510 2150 2559 se
2187 2483 2241 2558 ad

706 2609 868 2706 Dionysii
905 2611 1101 2707 exemplum
1136 2609 1185 2683 ita
1218 2611 1412 2708 composuit
1436 2621 1475 2683 ut
1501 2612 1674 2708 exemplar
1696 2611 1787 2682 vitiis
1814 2609 1983 2682 imitabile
2006 2604 2100 2680 vitiis
2128 2627 2238 2700 supe·

707 2729 841 2802 reverit.
892 2729 934 2798 ln
969 2727 1033 2800 hoe
1068 2753 1207 2826 quoque
1237 2729 1402 2801 admoniti
1434 2754 1552 2826 sapere
1588 2729 1773 2826 aliquando
1811 2729 2013 2802 audeamus.
2075 2726 2242 2822 Magnus

711 2855 746 2918 et
780 2846 973 2942 praeclarus
1011 2846 1154 2944 scriptor
1186 2845 1333 2920 habetur
1369 2848 1497 2921 scilicet
1518 2847 1562 2922 ab
1587 2849 1652 2934 iis,
1682 2847 1844 2945 quicum
1870 2869 2064 2942 numquam
2092 2843 2240 2940 penitus

716 2973 750 3037 et
768 2967 803 3036 in
823 2975 902 3036 cute
923 2963 1157 3062 inspexerunt.
1192 2965 1366 3038 Omnibus
1390 2977 1492 3040 notus
1513 2978 1548 3040 et
1573 2967 1607 3039 in
1630 2991 1687 3040 ore
1711 2974 1783 3053 est,
1809 2965 1869 3039 sed
1890 2965 2003 3038 obiter
2022 2989 2105 3038 eum
2124 2959 2239 3056 inspi-

717 3085 814 3156 ciunt
846 3083 1006 3179 plurimi,
1033 3093 1160 3179 quotus
1187 3085 1280 3156 enim
1311 3086 1458 3181 quisque
1483 3109 1575 3158 nunc
1597 3093 1649 3157 est
1674 3085 1733 3182 qui
1759 3085 1886 3182 spissos
1914 3085 1989 3158 eius
2017 3083 2126 3182 libros
2152 3101 2240 3153 cum

714 3227 795 3275 euru
817 3211 908 3273 totos
940 3201 1114 3299 perlegat,
1148 3211 1183 3273 et
1213 3201 1312 3274 cuius
1344 3203 1481 3274 tandem
1516 3201 1652 3274 animus
1686 3200 1743 3274 illa
1772 3200 1915 3272 lectione
1943 3211 1980 3272 et
2005 3198 2241 3272 meditatione

712 3319 891 3416 pascitur?
930 3320 1061 3391 Iterum
1091 3319 1274 3416 proloquar
1300 3320 1462 3392 audacter
1486 3321 1578 3416 quod
1604 3318 1724 3392 sentio.
1775 3315 1881 3390 Hunc
1913 3343 2053 3415 quoque
2087 3315 2240 3412 scripto·

716 3461 789 3508 rem
815 3435 1105 3508 contemnendum
1130 3461 1204 3508 esse
1232 3437 1393 3533 equidem
1411 3438 1581 3510 exanimi
1607 3435 1776 3510 sententia
1801 3437 1963 3532 profiteor
1987 3433 2239 3538 praedicoque.

715 3554 850 3626 Patriae
884 3579 925 3626 ac
958 3579 1098 3627 suorum
1132 3556 1360 3652 proditorem,
1386 3555 1617 3653 arrogantium
1644 3554 1861 3628 dominorum
1886 3554 2128 3638 adulatorem,
2163 3550 2242 3624 veri

714 3682 944 3769 corruptorem
977 3697 1046 3744 non
1083 3672 1164 3746 l'ero.
1215 3674 1317 3745 Esto:
1354 3674 1499 3746 servavit
1535 3673 1635 3746 nobis
1673 3695 1788 3745 eurum
1824 3696 1941 3746 rerum
1977 3672 2242 3766 hominumque

715 3791 895 3876 notitiam,
930 3815 1034 3887 quum
1066 3791 1205 3887 plurimi
1237 3801 1352 3864 nostra
1387 3793 1528 3864 interest
1563 3791 1705 3864 habere:
1738 3789 1947 3886 accipimus,
1977 3790 2038 3864 sed
2069 3803 2177 3864 caute
2203 3796 2241 3860 et

717 3912 817 3986 anxie
852 3911 950 3983 testis
980 3910 1069 3982 male
1097 3911 1159 3983 fidi
1186 3912 1424 3984 auctoritatem
1447 3910 1673 4007 ponderantes
1693 3917 1729 3982 et
1752 3909 1965 3984 excutientes
1990 3920 2026 3984 et
2052 3909 2139 4006 quia
2164 3931 2240 3986 me·

717 4032 802 4104 liora
836 4031 963 4102 desunt
994 4029 1069 4100 istis
1097 4030 1204 4102 eoacti
1234 4029 1504 4124 acquiescimus,
1538 4027 1751 4124 deplorantes
1778 4025 1938 4102 historiae
1966 4028 2096 4112 ricem,
2133 4027 2241 4100 cuius

720 4149 806 4221 nihil
830 4157 963 4244 praeter
985 4147 1181 4219 istiusmodi
1207 4155 1311 4218 testes
1334 4153 1369 4218 et
1392 4155 1547 4218 auctores
1573 4153 1766 4240 supersunt.

766 4265 923 4339 Profecto
954 4266 1124 4362 insignem
1155 4265 1315 4340 iniuriam
1344 4265 1490 4336 summis
1521 4262 1744 4336 recentiorum
1773 4267 1970 4360 temporum
1997 4261 2176 4336 historicis
2210 4263 2242 4334 is

717 4386 834 4461 fecerit
856 4386 916 4482 qui
940 4409 998 4457 eos
1020 4409 1099 4457 curn
1124 4384 1250 4456 talibus
1274 4405 1467 4478 comparare
1492 4380 1644 4452 voluerit.
1781 4441 1785 4452 .

763 4505 828 4577 'Est
848 4503 883 4576 in
904 4503 1118 4600 sequioribus
1136 4500 1357 4599 scriptoribus
1376 4499 1471 4571 aliud
1491 4521 1627 4594 quoque
1641 4495 1760 4568 vitium
1774 4497 1868 4594 quod
1880 4497 1915 4572 in
1930 4498 2083 4595 losepho
2095 4498 2239 4574 facilius

718 4621 819 4694 etiam
835 4645 938 4717 quam
952 4625 986 4692 in
1001 4621 1141 4693 casuris
1156 4619 1315 4716 redargui
1329 4625 1450 4714 potest.
1477 4613 1779 4692 Quemadmodum
1792 4615 1886 4713 apud
1899 4616 1977 4690 illos
1987 4625 2108 4690 aetum
2123 4625 2181 4690 est
2193 4617 2242 4690 de

707 4737 895 4836 cogitandi
906 4738 1051 4810 sanitate
1062 4746 1096 4808 et
1109 4737 1288 4808 serenitate
1302 4743 1472 4818 veterum,
1486 4733 1533 4806 sic
1545 4732 1682 4828 linguae
1692 4755 1831 4828 quoque
1842 4733 2020 4808 sinceritas
2030 4743 2068 4807 ot
2079 4735 2246 4830 probitas
