4930 6176
710 585 750 648 14
1289 585 1649 651 uacuum

703 791 977 886 comparandum
1006 799 1070 864 est.
1106 789 1295 864 Neminem
1328 791 1462 890 excipio
1491 815 1610 865 eorum
1641 789 1703 887 qni
1729 798 1808 887 post
1837 788 2027 862 Alexandri
2058 789 2111 862 bl.
2137 811 2226 864 mor·

707 917 779 982 tem
811 910 1031 1006 scripserunt.
1082 910 1162 982 Non
1195 910 1312 984 adimo
1334 911 1402 984 illis
1427 911 1554 984 variam
1577 920 1613 983 et
1637 908 1862 1006 multiplicem
1893 907 2141 995 eruditionem,
2164 931 2229 982 cu·¹

706 1049 778 1102 ram
811 1037 846 1100 et
876 1027 1122 1114 sedulitatem,
1150 1053 1263 1103 rerum
1296 1029 1435 1104 utilium
1468 1031 1603 1129 copiam
1639 1039 1674 1102 et
1704 1035 1824 1101 ornate
1855 1026 1992 1102 dicendi
2022 1027 2225 1114 artificium,

706 1147 768 1222 sed
805 1171 915 1222 unum
954 1149 991 1221 in
1027 1147 1090 1222 hac
1126 1148 1261 1247 ingenti
1295 1151 1501 1249 scriptorum
1537 1147 1730 1244 frequentin
1761 1171 1838 1222 esse
1867 1171 1974 1245 nego,
2012 1147 2048 1221 in
2079 1171 2151 1246 quo
2180 1146 2225 1220 sit

704 1265 793 1340 illud
834 1269 928 1364 quod
958 1268 995 1341 in
1036 1269 1286 1366 antiquissimis
1311 1283 1346 1344 et
1376 1269 1619 1346 recentissimis
1653 1267 1796 1342 ardente
1829 1274 1966 1364 pectore
2004 1266 2222 1341 admiremur.

705 1385 787 1460 Non
823 1395 876 1460 est
909 1387 945 1460 in
981 1387 1092 1484 poetis
1124 1388 1304 1486 ingenium
1330 1388 1417 1461 illud
1441 1397 1476 1461 et
1499 1411 1598 1461 mens
1620 1385 1800 1460 sublimior
1819 1393 1857 1457 ct
1874 1409 1914 1457 os
1934 1409 2061 1484 magna
2083 1409 2220 1460 mans:

705 1512 852 1580 nonest
876 1505 911 1578 in
938 1505 1127 1594 historicis,
1153 1508 1189 1582 in
1212 1507 1444 1607 philosophis,
1466 1505 1715 1582 incentoribus
1739 1503 1799 1578 ille
1823 1505 1875 1578 vis
1898 1505 2035 1579 dicendi
2049 1529 2140 1604 qnae
2152 1505 2220 1582 eni·

704 1648 782 1699 mos
806 1649 876 1722 quo
900 1625 981 1699 velit
1000 1626 1112 1725 rapiat
1133 1635 1169 1701 et
1186 1627 1398 1714 inflammet,
1424 1651 1539 1725 neque
1556 1627 1615 1700 illa
1627 1623 2067 1722 inveniendieteloquendi
2080 1625 2221 1700 facultas

705 1768 795 1842 quae
817 1743 900 1818 facit
923 1753 964 1818 ut
990 1747 1107 1820 omnia
1128 1769 1197 1820 non
1222 1747 1352 1820 narreri
1376 1755 1438 1821 aut
1469 1744 1637 1832 describi,
1665 1744 1728 1818 sed
1758 1743 1815 1842 egi
1845 1751 1882 1816 et
1903 1744 2015 1817 risere
2033 1743 2221 1818 rideantur.

706 1863 806 1936 Nihil
837 1871 890 1936 est
923 1863 959 1937 in
992 1864 1046 1938 his
1078 1866 1256 1953 nativum,
1287 1875 1429 1964 apparet
1458 1865 1589 1963 ubique
1620 1863 1805 1962 subinepta
1833 1865 2050 1962 antiquitatis
2078 1865 2223 1940 imitatio

704 2005 746 2056 ec
781 1981 856 2080 ipso
892 1981 1013 2057 vitiosa
1036 1986 1131 2082 quod
1155 1994 1298 2059 naturae
1316 1995 1433 2060 motus
1458 1985 1621 2083 reprimet
1638 1993 1674 2058 et
1697 1984 1802 2057 num
1828 1985 2037 2082 ershngunt.
2088 1985 2138 2058 Ut
2162 1984 2222 2059 hoc

705 2101 839 2175 vincam
877 2127 945 2176 non
976 2105 1172 2204 confugiam
1196 2105 1241 2179 ed
1270 2115 1421 2180 extrema
1445 2115 1600 2204 tempora
1623 2129 1733 2202 quum
1758 2101 1990 2200 sophistarum
2017 2102 2166 2200 ineptiae
2189 2111 2223 2175 et

702 2219 880 2296 rhetorum
912 2223 1119 2321 quisquiliae
1155 2235 1190 2298 et
1221 2227 1460 2326 theologorum
1498 2226 1722 2300 deliramenta
1753 2223 1859 2296 etiam
1893 2247 2017 2320 perum
2051 2221 2224 2296 annoso

702 2340 835 2448 homini
860 2342 1016 2416 taedium
1041 2352 1076 2418 et
1102 2368 1268 2418 nauseam
1291 2346 1440 2444 pariunt.
1492 2345 1638 2419 Paratus
1661 2366 1739 2416 eum
1761 2342 1799 2414 id
1820 2342 2001 2416 ostendere
2020 2343 2056 2416 in
2074 2340 2223 2438 quohbet

665 2504 669 2519 ι
704 2460 867 2558 scriptore
904 2470 966 2536 aut
1000 2471 1121 2560 potita,
1158 2465 1258 2538 cuius
1293 2473 1388 2540 aetas
1421 2465 1521 2539 cadat
1548 2463 1584 2536 in
1607 2463 1666 2536 illa
1690 2485 1780 2560 quae
1803 2459 2025 2534 definivimus
2052 2469 2223 2558 tempora,

703 2604 814 2677 quum
836 2581 1034 2655 Alexandro
1058 2581 1237 2680 Babylone
1260 2593 1398 2658 mortuo
1419 2583 1567 2681 Cyclops
1592 2582 1649 2655 ille
1670 2580 1837 2666 Macedo,
1864 2588 2056 2654 monstrum
2075 2579 2223 2654 immane

700 2699 758 2772 cui
781 2699 899 2772 lumen
925 2700 1124 2788 ademtam,
1149 2702 1342 2801 discerptus
1370 2711 1423 2776 est
1446 2703 1481 2776 in
1507 2709 1621 2799 partes
1643 2700 1789 2773 maiores
1801 2700 2035 2797 minoresque,
2051 2707 2087 2774 et
2101 2719 2223 2772 exnnc

702 2817 836 2914 ingenti
861 2818 1009 2914 imperio
1033 2820 1112 2893 novi
1136 2817 1235 2919 reg'es
1258 2845 1298 2894 ec
1322 2821 1432 2919 reguli
1456 2845 1563 2919 regna
1587 2820 1753 2907 condere,
1779 2818 1817 2891 id
1843 2829 1897 2893 est
1924 2825 2042 2918 erepta
2063 2815 2223 2892 omnibus

702 2934 833 3032 ubique
857 2935 1014 3011 libertate
1040 2939 1162 3013 duram
1188 2949 1224 3014 et
1247 2941 1403 3038 iniquam
1429 2939 1701 3014 dominationem
1726 2938 1831 3013 ermis
1855 2946 1990 3037 partam
2016 2937 2121 3012 ermis
2145 2937 2222 3010 reti·

701 3079 781 3128 nere
813 3065 1011 3154 coeperunt.
1064 3059 1133 3132 Hic
1163 3059 1249 3132 mihi
1275 3061 1520 3134 nonneminem
1545 3059 1666 3134 audire
1692 3058 1807 3132 videor
1830 3057 2097 3132 occlamantcm:
2124 3055 2222 3155 quidl

704 3183 788 3247 tune
807 3173 903 3249 illam
926 3185 1075 3252 aeuum
1099 3182 1291 3278 vituperare
1309 3180 1434 3268 audes,
1460 3204 1550 3278 quae
1574 3179 1765 3252 litterarum
1790 3176 1914 3249 studiis
1929 3175 2172 3250 florentissime
2191 3185 2224 3250 et

705 3293 979 3369 fructuosissima
1000 3297 1095 3371 suit?
1145 3301 1245 3374 Tune
1269 3291 1538 3374 Alexandrinam
1559 3297 1811 3372 Bibliothecam
1836 3303 1872 3370 et
1891 3296 1978 3370 illud
2000 3299 2166 3372 Muaeum
2191 3303 2224 3368 et

702 3411 895 3484 criticorum
930 3413 1100 3514 principes
1135 3429 1170 3492 et
1195 3418 1328 3491 nobiles
1359 3426 1478 3517 politas
1507 3417 1758 3492 Alexandrinos
1781 3415 2000 3489 contemnis?
2049 3417 2126 3516 Ego
2148 3437 2224 3488 vero

704 3553 745 3602 ea
767 3529 892 3626 partim
916 3547 1117 3624 contemno,
1132 3537 1257 3634 partim
1274 3537 1482 3611 novissimae
1494 3537 1617 3610 aetatis
1632 3535 1757 3610 studiis
1772 3535 1991 3634 ingeniisque
2004 3544 2066 3610 aut
2078 3541 2224 3633 aequata

706 3657 769 3722 aut
795 3659 954 3746 superata
976 3677 1051 3726 esse
1075 3657 1255 3730 contendo.
1307 3659 1359 3730 Ao
1384 3655 1536 3754 primum
1559 3655 1698 3754 quidem
1724 3679 1811 3753 quos
1836 3654 1923 3728 mihi
1945 3679 2090 3753 magnos
2111 3663 2149 3728 et
2165 3675 2223 3727 no·

708 3766 794 3841 biles
813 3777 933 3864 poetas
948 3775 1089 3846 narras?
1124 3774 1296 3872 Equidem
1321 3775 1384 3849 diu
1411 3783 1447 3847 et
1467 3775 1617 3848 multum
1639 3783 1793 3848 uersatus
1815 3774 1850 3847 in
1873 3797 1992 3848 eorum
2013 3772 2223 3847 carminibus

706 3910 750 3959 ne
773 3895 893 3984 poetas
919 3889 1061 3986 quidem
1087 3917 1160 3966 csse
1185 3893 1283 3968 facile
1306 3895 1551 3982 concesserim,
1575 3894 1705 3967 nedum
1729 3919 1872 3992 magnos
1892 3919 1932 3968 ao
1945 3893 2082 3966 nobiles
2091 3899 2221 3990 poetes

705 4004 893 4080 laborioso
929 4007 1072 4082 artificio
1108 4017 1143 4084 et
1175 4013 1294 4087 multis
1325 4014 1499 4088 aerumnis
1533 4037 1652 4087 versus
1681 4037 1821 4088 sonoros
1849 4021 2007 4112 pangunt
2042 4010 2221 4084 verborum

709 4124 968 4221 splendidorum
992 4135 1029 4222 et
1049 4129 1240 4228 priscorum
1265 4133 1394 4206 tinnitu
1423 4157 1566 4231 graves,
1599 4155 1714 4206 rerum
1742 4133 2062 4228 sententiarumque
2091 4130 2220 4201 inanes.

709 4243 917 4341 Recoquunt
949 4247 1106 4348 linguam
1140 4251 1285 4326 Homeri
1317 4252 1445 4326 scilicet
1481 4251 1697 4349 grammatici
1729 4251 1841 4349 magis
1871 4273 1977 4348 quam
2017 4257 2159 4348 poetae,
2187 4255 2222 4318 et

709 4385 753 4436 ne
787 4365 1002 4461 grammatici
1033 4370 1174 4467 quidem
1211 4381 1264 4447 sat
1296 4371 1389 4445 boni.
1440 4371 1591 4469 Farrago
1618 4393 1660 4442 er
1697 4371 1792 4444 omni
1827 4369 2033 4444 Graecitatis
2059 4366 2142 4442 olim
2169 4365 2221 4438 in·

710 4489 918 4557 termortuee
949 4487 1046 4585 copie
1074 4490 1182 4566 mixte
1208 4504 1243 4566 et
1266 4492 1432 4577 conflata,
1465 4489 1632 4563 vocabula
1657 4489 1769 4586 prisca
1797 4513 1877 4564 cum
1904 4487 2001 4561 novis
2022 4511 2062 4561 ac
2079 4483 2222 4584 plebeiis

707 4601 866 4689 mnlusa,
887 4612 924 4676 ut
948 4608 1132 4681 tesserulae
1160 4609 1195 4683 in
1214 4611 1306 4709 picto
1329 4610 1525 4706 pavimento
1545 4617 1744 4696 contentae,
1767 4613 2044 4704 nonestpoemo.
2094 4605 2221 4678 Saecu-

708 4718 781 4792 lum
806 4729 878 4792 erat
905 4723 987 4796 olim
1015 4725 1081 4799 iste
1103 4728 1229 4803 mirari.
1282 4728 1488 4818 Desinemus
1510 4725 1694 4822 aliquando
1721 4725 1867 4824 ineptire
1899 4733 1934 4796 et
1968 4721 2222 4796 Callimachum

2441 860 2443 971 l
