4930 6176
742 667 963 739 sauleis
996 671 1262 744 oscillum.
1719 676 1761 743 81

241 883 371 958 multus
395 905 523 980 eosque
547 875 661 978 gmvis
686 880 853 953 moment
877 881 1115 979 quaestiones,
1141 899 1230 980 quoe
1253 903 1333 957 cam
1359 883 1533 982 proposito
1557 893 1761 982 argumento

240 1011 333 1078 erote
362 1001 562 1086 cohaereat,
595 1005 657 1072 sut
680 997 822 1072 omnino
848 1024 916 1074 non
945 1001 1081 1100 attigit,
1114 1011 1175 1076 aut
1198 1011 1289 1077 certe
1311 1027 1379 1078 non
1404 1003 1471 1076 nisi
1494 1002 1613 1076 leviter
1638 1003 1761 1078 edum·

238 1120 362 1196 onds.
414 1119 578 1194 &mone
601 1115 754 1216 denique
778 1135 864 1192 stans
883 1129 938 1192 cst
962 1139 1030 1194 non
1053 1129 1190 1196 tentum
1213 1139 1283 1196 mon
1308 1139 1395 1220 pum
1422 1119 1477 1195 vel
1499 1123 1671 1221 clagami,
1697 1123 1759 1198 sed
1840 1221 1843 1226 Ι

239 1239 296 1314 llic
326 1238 396 1313 illic
430 1235 485 1311 vix
518 1235 635 1310 latino.
696 1237 749 1310 Ee
782 1235 912 1334 quihus
942 1233 1112 1314 monimo
1138 1255 1219 1314 cam
1248 1248 1383 1338 paseat,
1417 1235 1577 1316 iuuenem
1601 1243 1759 1340 quemvis

241 1359 462 1459 diligentem,
497 1355 532 1430 in
561 1379 598 1429 se
624 1354 815 1454 suscepisse
839 1373 928 1430 onus
952 1357 1045 1456 quod
1070 1357 1157 1431 lcmc
1179 1375 1247 1432 non
1273 1363 1415 1456 possent
1441 1359 1594 1448 humari,
1620 1385 1759 1460 sapon„
1887 1377 1895 1382 .

241 1501 321 1554 sum
345 1475 441 1552 nullo
463 1475 566 1551 uude
589 1474 784 1549 ornandum
810 1495 885 1552 esse
908 1477 1043 1552 censorie
1068 1477 1174 1552 ordo.

288 1598 410 1696 longo
444 1595 507 1668 hac
542 1601 694 1694 preessae
726 1594 832 1670 altem
860 1598 1105 1671 commentatio
1138 1597 1239 1671 wcuius
1269 1597 1485 1695 symbolum
1524 1605 1597 1671 nest
1615 1601 1759 1696 pendeo

231 1719 375 1817 prodire
398 1723 513 1801 lenos,
537 1717 570 1788 ei
593 1739 658 1786 noo
683 1717 785 1788 datur
808 1717 938 1789 altra?

286 1837 378 1909 sont
399 1833 543 1932 quidem
573 1833 608 1906 in
628 1849 672 1906 ea
693 1851 832 1931 quoqne
853 1853 941 1932 quoe
967 1835 1270 1934 reprehendantur.
1322 1833 1478 1909 Primum
1494 1836 1623 1910 etenim
1638 1845 1758 1911 auctor

235 1955 457 2030 disiectorum
491 1951 686 2028 tubulorum
716 1952 988 2052 fragmentorum
1013 1955 1180 2029 sotionem
1203 1964 1342 2029 saoulm
1353 2007 1363 2042 ,
1386 1954 1422 2028 in
1449 1953 1663 2053 disponenda
1683 1981 1756 2030 me

233 2075 320 2150 teris
350 2095 414 2148 soa
443 2091 515 2146 non
549 2091 611 2159 eo,
648 2091 718 2169 quo
747 2082 964 2171 oportuerat,
1000 2074 1121 2148 ordina
1141 2083 1196 2149 ast
1218 2089 1422 2175 progemes,
1447 2075 1498 2149 ita
1523 2084 1563 2148 ot
1588 2073 1623 2150 in
1646 2077 1757 2174 priore

233 2193 347 2294 operis
372 2199 469 2291 perte
492 2190 695 2289 explicuerit
717 2212 808 2290 quos
829 2193 875 2266 nd
896 2193 1023 2268 calcem
1048 2196 1268 2284 rmerrsnda,
1294 2195 1329 2268 ln
1356 2202 1548 2293 postrema,
1575 2213 1664 2294 qous
1688 2205 1757 2270 aas

232 2315 298 2388 tim
334 2312 379 2388 eb
412 2310 514 2386 initio
540 2309 730 2384 enarranda
757 2311 914 2386 luissent.
967 2311 1102 2386 Deinde
1126 2314 1190 2388 hoc
1210 2315 1243 2388 ei
1262 2313 1419 2411 inprimis
1441 2313 1523 2388 vitio
1547 2321 1600 2388 ost
1621 2322 1754 2389 versem

236 2433 341 2520 dum,
377 2431 471 2531 quod
500 2429 637 2528 seepius
663 2449 768 2528 quem
792 2453 853 2528 per
875 2440 949 2520 est,
975 2433 1046 2506 aiae
1069 2431 1113 2506 ed
1140 2433 1381 2507 stabiliendam
1408 2453 1506 2506 suem
1528 2433 1658 2530 ipsius,
1684 2434 1755 2508 sive

236 2550 281 2625 ed
314 2549 589 2650 impugnandam
622 2547 767 2623 eliorum
803 2549 1030 2638 seutentiam,
1066 2575 1135 2624 nou
1169 2553 1214 2626 ad
1246 2559 1403 2626 auctores
1433 2551 1593 2625 classicos
1627 2553 1687 2626 acl·
1708 2553 1754 2627 cd

231 2677 347 2744 vetere
368 2667 454 2744 iuris
476 2678 703 2742 monumenta
724 2685 905 2766 provocare
924 2670 1030 2758 solet,
1055 2672 1115 2744 sad
1134 2671 1283 2744 menime
1301 2670 1529 2744 smentiomm
1547 2671 1754 2745 mstimonlis

233 2810 337 2876 usus,
362 2787 490 2862 rivulos
515 2787 704 2862 consectari
728 2807 833 2884 quom
851 2813 895 2861 ex
918 2787 1074 2862 lontibus
1095 2790 1232 2863 hancine
1256 2789 1389 2864 meluit.
1439 2789 1561 2862 Oratio
1582 2787 1752 2888 denique,

230 2929 311 2982 cum
346 2909 504 2981 universe
538 2907 634 2980 nullo
666 2904 795 2993 nitore,
832 2907 926 2982 nulla
960 2907 1131 3006 elegantis
1167 2909 1373 3006 conspicue,
1409 2917 1485 2982 tum
1512 2908 1548 2980 in
1581 2917 1754 3006 postremo

231 3027 451 3127 potissimum
474 3025 631 3124 opusculi
652 3033 749 3124 perte
772 3023 898 3098 nimiae
921 3021 1150 3100 festinationis
1172 3025 1320 3124 speciem
1340 3045 1421 3123 pree
1441 3046 1478 3099 so
1496 3025 1584 3100 lerna
1607 3026 1751 3102 videtur.

231 3149 280 3221 At
304 3165 383 3221 acro
407 3147 491 3221 haec
520 3145 602 3218 vitia
628 3145 846 3244 aliquetenus
871 3151 1139 3242 compensentur
1167 3144 1268 3218 variis
1291 3143 1450 3233 dotibus,
1483 3169 1631 3243 querum
1655 3171 1752 3244 praa·

231 3267 333 3364 cipue
364 3265 447 3339 hoec
481 3271 553 3352 cst,
590 3264 685 3361 quod
719 3273 838 3338 auctor
869 3289 912 3337 ex
947 3263 1065 3336 multis
1093 3263 1205 3361 iisque
1237 3262 1434 3337 difficilibus
1470 3264 1751 3362 quaestionibus,

230 3407 318 3484 quse
342 3383 490 3458 subinde
515 3390 716 3471 moventur,
742 3383 873 3456 nullam
899 3381 969 3456 lere
996 3404 1184 3457 memorare
1208 3385 1343 3471 omisit,
1369 3383 1476 3480 inque
1498 3383 1541 3456 iis
1564 3384 1752 3458 tractandis

228 3503 277 3578 ita
306 3503 513 3592 elaboravit,
548 3511 588 3577 ut
614 3503 687 3576 suis
715 3504 826 3600 ipsius
853 3501 1002 3589 viribus,
1036 3525 1099 3576 suo
1125 3503 1235 3600 ipsius
1259 3501 1387 3576 indicio
1414 3499 1606 3590 subnixus,
1639 3527 1752 3601 neque

228 3629 360 3698 temere
382 3622 613 3722 acquiesceret
640 3621 676 3695 in
703 3621 765 3710 iis,
798 3643 888 3720 quac
912 3620 1055 3695 ebullis
1080 3621 1205 3696 tradita
1223 3621 1424 3718 occepissit‚
1455 3643 1570 3719 neque
1595 3635 1749 3720 uuquam

227 3741 322 3842 apud
352 3763 433 3816 enm
469 3741 543 3817 sine
576 3741 708 3816 ralioce
745 3741 871 3815 nemrot
907 3741 1103 3816 samaritas.
1163 3740 1233 3816 Hic
1260 3740 1329 3814 illic
1354 3760 1496 3838 quoqne
1518 3763 1588 3814 non
1612 3741 1694 3814 trita
1715 3749 1751 3815 ct

227 3863 383 3962 vulgaris
406 3863 467 3938 sed
491 3883 579 3937 nova
605 3863 649 3936 dc
674 3881 737 3935 suc
759 3859 966 3960 depromsit,
992 3881 1099 3957 quse,
1126 3861 1155 3933 si
1174 3883 1243 3934 non
1268 3881 1403 3958 semper
1421 3878 1539 3933 aarum
1558 3859 1750 3958 attingant,

227 3989 344 4055 omen
381 3986 452 4054 mm
486 3979 576 4054 bene
610 3985 693 4052 sunt
718 3978 930 4076 excogitate,
967 3985 1038 4051 tum
1066 3975 1289 4076 probabiliter
1312 3978 1508 4077 disputem,
1538 3985 1578 4052 ut
1602 3979 1749 4077 prodent
1800 4017 1808 4024 -

229 4098 355 4172 mentis
382 4097 557 4174 solertiam
583 4107 619 4172 et
644 4099 778 4173 critices
798 4097 997 4172 facultatem
1025 4097 1120 4172 houd
1146 4099 1267 4196 utique
1287 4098 1588 4174 contemnendam.

276 4219 396 4305 Quos,
423 4239 504 4292 cum
526 4217 576 4292 ita
599 4236 674 4292 seso
697 4217 881 4303 heberent,
907 4211 1074 4290 lotorum
1097 4217 1193 4290 Ordo
1217 4241 1285 4292 non
1312 4217 1453 4315 quidem
1477 4237 1641 4304 emenus,
1660 4225 1747 4292 otto⁴

228 4357 307 4408 men
329 4336 522 4434 prosimos,
548 4337 609 4434 qui
633 4335 802 4411 secedunt
827 4336 993 4425 honores,
1019 4343 1223 4435 argenteum
1252 4337 1462 4437 proemium,
1487 4337 1748 4412 commentatio·

227 4454 281 4527 nis
311 4455 463 4543 auctori,
498 4456 527 4528 si
562 4477 688 4531 nomen
721 4479 823 4530 suum
855 4457 967 4554 polum
991 4455 1144 4554 profiteri
1172 4457 1292 4543 vellet,
1316 4453 1566 4554 assignandum
1590 4479 1665 4530 esee
1687 4457 1747 4531 de·

225 4573 341 4650 crevit.
393 4574 476 4648 Rite
501 4597 540 4649 ec
566 4575 763 4651 solemmter
787 4581 927 4648 vocotus
951 4580 1127 4646 erectorem
1152 4595 1189 4646 se
1214 4574 1388 4672 professus
1412 4581 1467 4647 est

633 4727 776 4788 PE'I'RUB
794 4725 988 4787 lominus
1006 4722 1085 4784 VAN
1098 4720 1345 4798 'swmnunclt

664 4831 736 4889 aas
755 4831 913 4888 caumas
930 4833 958 4886 a·
976 4829 1113 4885 Ammaia
1134 4831 1306 4905 semaam.

868 4976 1105 4990 m
