<?xml version="1.0" encoding="UTF-8"?>
<!DOCTYPE html PUBLIC "-//W3C//DTD XHTML 1.0 Transitional//EN"
    "http://www.w3.org/TR/xhtml1/DTD/xhtml1-transitional.dtd">
<html xmlns="http://www.w3.org/1999/xhtml" xml:lang="en" lang="en">
 <head>
  <title>
</title>
<meta http-equiv="Content-Type" content="text/html;charset=utf-8" />
  <meta name='ocr-system' content='tesseract 3.04.00' />
  <meta name='ocr-capabilities' content='ocr_page ocr_carea ocr_par ocr_line ocrx_word'/>
</head>
<body>
  <div class='ocr_page' id='page_1' title='image "annalesacademic00unkngoog_0022.png"; bbox 0 0 4930 6176; ppageno 0'>
   <div class='ocr_carea' id='block_1_1' title="bbox 912 653 1809 724">
    <p class='ocr_par' dir='ltr' id='par_1_1' title="bbox 912 653 1809 724">
     <span class='ocr_line' id='line_1_1' title="bbox 912 653 1809 724; baseline 0.006 -7"><span class='ocrx_word' id='word_1_1' title='bbox 912 653 1190 721; x_wconf 71' lang='lat' dir='ltr'><strong>oacrio,</strong></span> <span class='ocrx_word' id='word_1_2' title='bbox 1771 660 1809 724; x_wconf 92' lang='lat' dir='ltr'><strong>ll</strong></span> 
     </span>
    </p>
   </div>
   <div class='ocr_carea' id='block_1_2' title="bbox 266 859 1807 4992">
    <p class='ocr_par' dir='ltr' id='par_1_2' title="bbox 266 859 1807 4540">
     <span class='ocr_line' id='line_1_2' title="bbox 286 859 1807 965; baseline 0.003 -26"><span class='ocrx_word' id='word_1_3' title='bbox 286 889 343 940; x_wconf 89' lang='lat' dir='ltr'><strong>me</strong></span> <span class='ocrx_word' id='word_1_4' title='bbox 365 873 437 939; x_wconf 88' lang='lat' dir='ltr'><strong>erat</strong></span> <span class='ocrx_word' id='word_1_5' title='bbox 458 863 615 962; x_wconf 86' lang='lat' dir='ltr'><strong>Aegina,</strong></span> <span class='ocrx_word' id='word_1_6' title='bbox 640 868 721 935; x_wconf 85' lang='lat' dir='ltr'><strong>aute</strong></span> <span class='ocrx_word' id='word_1_7' title='bbox 744 885 798 934; x_wconf 90' lang='lat' dir='ltr'><strong>me</strong></span> <span class='ocrx_word' id='word_1_8' title='bbox 819 859 983 958; x_wconf 79' lang='lat' dir='ltr'><strong>Megara,</strong></span> <span class='ocrx_word' id='word_1_9' title='bbox 1009 859 1129 934; x_wconf 78' lang='lat' dir='ltr'><strong>daxba</strong></span> <span class='ocrx_word' id='word_1_10' title='bbox 1142 861 1306 950; x_wconf 79' lang='lat' dir='ltr'><strong>Piraeus,</strong></span> <span class='ocrx_word' id='word_1_11' title='bbox 1331 862 1470 936; x_wconf 88' lang='lat' dir='ltr'><strong>sinistra</strong></span> <span class='ocrx_word' id='word_1_12' title='bbox 1485 863 1692 956; x_wconf 84' lang='lat' dir='ltr'>Corinthus,</span> <span class='ocrx_word' id='word_1_13' title='bbox 1718 892 1807 965; x_wconf 90' lang='lat' dir='ltr'><strong>quae</strong></span> 
     </span>
     <span class='ocr_line' id='line_1_3' title="bbox 286 969 1807 1083; baseline 0.003 -25"><span class='ocrx_word' id='word_1_14' title='bbox 286 983 414 1083; x_wconf 90' lang='lat' dir='ltr'><strong>oppida</strong></span> <span class='ocrx_word' id='word_1_15' title='bbox 447 983 599 1082; x_wconf 86' lang='lat' dir='ltr'><strong>quodam</strong></span> <span class='ocrx_word' id='word_1_16' title='bbox 633 991 786 1079; x_wconf 89' lang='lat' dir='ltr'><strong>tempore</strong></span> <span class='ocrx_word' id='word_1_17' title='bbox 817 978 1058 1054; x_wconf 88' lang='lat' dir='ltr'><strong>florentissima</strong></span> <span class='ocrx_word' id='word_1_18' title='bbox 1090 969 1253 1068; x_wconf 84' lang='lat' dir='ltr'><strong>fuerunt,</strong></span> <span class='ocrx_word' id='word_1_19' title='bbox 1299 1006 1392 1057; x_wconf 92' lang='lat' dir='ltr'><strong>nunc</strong></span> <span class='ocrx_word' id='word_1_20' title='bbox 1424 991 1595 1082; x_wconf 90' lang='lat' dir='ltr'><strong>prostrata</strong></span> <span class='ocrx_word' id='word_1_21' title='bbox 1622 994 1658 1060; x_wconf 88' lang='lat' dir='ltr'><strong>et</strong></span> <span class='ocrx_word' id='word_1_22' title='bbox 1690 987 1807 1064; x_wconf 91' lang='lat' dir='ltr'><strong>diruta</strong></span> 
     </span>
     <span class='ocr_line' id='line_1_4' title="bbox 286 1097 1807 1198; baseline 0.004 -22"><span class='ocrx_word' id='word_1_23' title='bbox 286 1111 366 1176; x_wconf 86' lang='lat' dir='ltr'><strong>ante</strong></span> <span class='ocrx_word' id='word_1_24' title='bbox 384 1101 502 1176; x_wconf 88' lang='lat' dir='ltr'><strong>oculos</strong></span> <span class='ocrx_word' id='word_1_25' title='bbox 526 1100 648 1174; x_wconf 86' lang='lat' dir='ltr'><strong>iacent.</strong></span> <span class='ocrx_word' id='word_1_26' title='bbox 700 1097 808 1197; x_wconf 81' lang='lat' dir='ltr'>Coepi</span> <span class='ocrx_word' id='word_1_27' title='bbox 829 1106 966 1195; x_wconf 81' lang='lat' dir='ltr'><strong>egomet</strong></span> <span class='ocrx_word' id='word_1_28' title='bbox 993 1121 1129 1172; x_wconf 89' lang='lat' dir='ltr'><strong>mecum</strong></span> <span class='ocrx_word' id='word_1_29' title='bbox 1155 1098 1203 1172; x_wconf 91' lang='lat' dir='ltr'><strong>sie</strong></span> <span class='ocrx_word' id='word_1_30' title='bbox 1228 1099 1395 1198; x_wconf 86' lang='lat' dir='ltr'><strong>cogitare:</strong></span> <span class='ocrx_word' id='word_1_31' title='bbox 1423 1101 1536 1178; x_wconf 89' lang='lat' dir='ltr'><strong>Heml</strong></span> <span class='ocrx_word' id='word_1_32' title='bbox 1568 1130 1631 1180; x_wconf 91' lang='lat' dir='ltr'><strong>nos</strong></span> <span class='ocrx_word' id='word_1_33' title='bbox 1659 1106 1807 1182; x_wconf 87' lang='lat' dir='ltr'><strong>bomon·</strong></span> 
     </span>
     <span class='ocr_line' id='line_1_5' title="bbox 284 1216 1806 1320; baseline 0.005 -24"><span class='ocrx_word' id='word_1_34' title='bbox 284 1220 353 1296; x_wconf 92' lang='lat' dir='ltr'><strong>culi</strong></span> <span class='ocrx_word' id='word_1_35' title='bbox 390 1220 614 1318; x_wconf 78' lang='lat' dir='ltr'><strong>indignamur</strong></span> <span class='ocrx_word' id='word_1_36' title='bbox 652 1217 682 1292; x_wconf 86' lang='lat' dir='ltr'><strong>si</strong></span> <span class='ocrx_word' id='word_1_37' title='bbox 718 1217 796 1316; x_wconf 91' lang='lat' dir='ltr'><strong>quis</strong></span> <span class='ocrx_word' id='word_1_38' title='bbox 827 1225 983 1291; x_wconf 88' lang='lat' dir='ltr'><strong>nostrum</strong></span> <span class='ocrx_word' id='word_1_39' title='bbox 1016 1216 1145 1290; x_wconf 87' lang='lat' dir='ltr'><strong>interiit</strong></span> <span class='ocrx_word' id='word_1_40' title='bbox 1180 1224 1244 1292; x_wconf 90' lang='lat' dir='ltr'><strong>aut</strong></span> <span class='ocrx_word' id='word_1_41' title='bbox 1276 1219 1408 1294; x_wconf 88' lang='lat' dir='ltr'><strong>occisus</strong></span> <span class='ocrx_word' id='word_1_42' title='bbox 1441 1229 1513 1309; x_wconf 89' lang='lat' dir='ltr'><strong>est,</strong></span> <span class='ocrx_word' id='word_1_43' title='bbox 1548 1249 1697 1320; x_wconf 89' lang='lat' dir='ltr'><strong>quorum</strong></span> <span class='ocrx_word' id='word_1_44' title='bbox 1736 1227 1806 1303; x_wconf 86' lang='lat' dir='ltr'><strong>rita</strong></span> 
     </span>
     <span class='ocr_line' id='line_1_6' title="bbox 285 1335 1806 1439; baseline 0.004 -25"><span class='ocrx_word' id='word_1_45' title='bbox 285 1339 419 1414; x_wconf 83' lang='lat' dir='ltr'><strong>brevior</strong></span> <span class='ocrx_word' id='word_1_46' title='bbox 441 1363 516 1414; x_wconf 87' lang='lat' dir='ltr'><strong>esse</strong></span> <span class='ocrx_word' id='word_1_47' title='bbox 537 1338 661 1426; x_wconf 89' lang='lat' dir='ltr'><strong>debet,</strong></span> <span class='ocrx_word' id='word_1_48' title='bbox 686 1361 795 1436; x_wconf 92' lang='lat' dir='ltr'><strong>quum</strong></span> <span class='ocrx_word' id='word_1_49' title='bbox 821 1361 891 1410; x_wconf 91' lang='lat' dir='ltr'><strong>uuo</strong></span> <span class='ocrx_word' id='word_1_50' title='bbox 919 1337 992 1410; x_wconf 93' lang='lat' dir='ltr'><strong>loco</strong></span> <span class='ocrx_word' id='word_1_51' title='bbox 1016 1343 1066 1410; x_wconf 90' lang='lat' dir='ltr'><strong>tot</strong></span> <span class='ocrx_word' id='word_1_52' title='bbox 1088 1335 1293 1434; x_wconf 88' lang='lat' dir='ltr'><strong>oppidorum</strong></span> <span class='ocrx_word' id='word_1_53' title='bbox 1314 1339 1479 1414; x_wconf 86' lang='lat' dir='ltr'><strong>cadavera</strong></span> <span class='ocrx_word' id='word_1_54' title='bbox 1492 1340 1643 1439; x_wconf 86' lang='lat' dir='ltr'><strong>proiecta</strong></span> <span class='ocrx_word' id='word_1_55' title='bbox 1656 1345 1806 1420; x_wconf 84' lang='lat' dir='ltr'><strong>iacent.”</strong></span> 
     </span>
     <span class='ocr_line' id='line_1_7' title="bbox 287 1455 1807 1561; baseline 0.005 -29"><span class='ocrx_word' id='word_1_56' title='bbox 287 1461 381 1558; x_wconf 82' lang='lat' dir='ltr'><strong>Ergo</strong></span> <span class='ocrx_word' id='word_1_57' title='bbox 417 1483 509 1557; x_wconf 87' lang='lat' dir='ltr'><strong>quae</strong></span> <span class='ocrx_word' id='word_1_58' title='bbox 542 1458 782 1533; x_wconf 87' lang='lat' dir='ltr'><strong>florentissima</strong></span> <span class='ocrx_word' id='word_1_59' title='bbox 810 1455 937 1554; x_wconf 92' lang='lat' dir='ltr'><strong>oppida</strong></span> <span class='ocrx_word' id='word_1_60' title='bbox 973 1463 1008 1528; x_wconf 89' lang='lat' dir='ltr'><strong>ot</strong></span> <span class='ocrx_word' id='word_1_61' title='bbox 1040 1455 1204 1554; x_wconf 88' lang='lat' dir='ltr'><strong>opulenta</strong></span> <span class='ocrx_word' id='word_1_62' title='bbox 1238 1465 1313 1530; x_wconf 91' lang='lat' dir='ltr'><strong>tum</strong></span> <span class='ocrx_word' id='word_1_63' title='bbox 1348 1457 1455 1532; x_wconf 82' lang='lat' dir='ltr'><strong>fuisse</strong></span> <span class='ocrx_word' id='word_1_64' title='bbox 1490 1461 1593 1534; x_wconf 92' lang='lat' dir='ltr'><strong>multi</strong></span> <span class='ocrx_word' id='word_1_65' title='bbox 1620 1463 1807 1561; x_wconf 77' lang='lat' dir='ltr'><strong>opinantur</strong></span> 
     </span>
     <span class='ocr_line' id='line_1_8' title="bbox 286 1569 1805 1678; baseline 0.004 -27"><span class='ocrx_word' id='word_1_66' title='bbox 286 1569 386 1652; x_wconf 83' lang='lat' dir='ltr'><strong>crant</strong></span> <span class='ocrx_word' id='word_1_67' title='bbox 410 1579 602 1674; x_wconf 81' lang='lat' dir='ltr'><strong>oppidorum</strong></span> <span class='ocrx_word' id='word_1_68' title='bbox 624 1579 814 1648; x_wconf 77' lang='lat' dir='ltr'><strong>wdncero!</strong></span> <span class='ocrx_word' id='word_1_69' title='bbox 852 1575 950 1651; x_wconf 87' lang='lat' dir='ltr'><strong>Quid</strong></span> <span class='ocrx_word' id='word_1_70' title='bbox 979 1573 1107 1648; x_wconf 88' lang='lat' dir='ltr'><strong>similes</strong></span> <span class='ocrx_word' id='word_1_71' title='bbox 1135 1573 1280 1649; x_wconf 89' lang='lat' dir='ltr'><strong>aliorum</strong></span> <span class='ocrx_word' id='word_1_72' title='bbox 1306 1578 1461 1674; x_wconf 81' lang='lat' dir='ltr'><strong>querelas</strong></span> <span class='ocrx_word' id='word_1_73' title='bbox 1488 1579 1679 1678; x_wconf 80' lang='lat' dir='ltr'><strong>colligam?</strong></span> <span class='ocrx_word' id='word_1_74' title='bbox 1703 1615 1707 1622; x_wconf 96' lang='lat'>·</span> <span class='ocrx_word' id='word_1_75' title='bbox 1727 1584 1805 1658; x_wconf 75' lang='lat' dir='ltr'><strong>Ille·</strong></span> 
     </span>
     <span class='ocr_line' id='line_1_9' title="bbox 285 1692 1804 1792; baseline 0.003 -21"><span class='ocrx_word' id='word_1_76' title='bbox 285 1697 401 1771; x_wconf 88' lang='lat' dir='ltr'><strong>bilitar</strong></span> <span class='ocrx_word' id='word_1_77' title='bbox 428 1694 629 1769; x_wconf 89' lang='lat' dir='ltr'><strong>morientem</strong></span> <span class='ocrx_word' id='word_1_78' title='bbox 663 1695 842 1767; x_wconf 82' lang='lat' dir='ltr'><strong>Graeciam</strong></span> <span class='ocrx_word' id='word_1_79' title='bbox 878 1692 1045 1789; x_wconf 84' lang='lat' dir='ltr'><strong>Polybius</strong></span> <span class='ocrx_word' id='word_1_80' title='bbox 1076 1693 1248 1792; x_wconf 83' lang='lat' dir='ltr'><strong>deplorat,</strong></span> <span class='ocrx_word' id='word_1_81' title='bbox 1281 1695 1441 1771; x_wconf 88' lang='lat' dir='ltr'><strong>flebiliter</strong></span> <span class='ocrx_word' id='word_1_82' title='bbox 1467 1707 1638 1775; x_wconf 90' lang='lat' dir='ltr'><strong>mortuam</strong></span> <span class='ocrx_word' id='word_1_83' title='bbox 1662 1701 1804 1791; x_wconf 83' lang='lat' dir='ltr'><strong>Strabo,</strong></span> 
     </span>
     <span class='ocr_line' id='line_1_10' title="bbox 266 1810 1805 1920; baseline 0.004 -30"><span class='ocrx_word' id='word_1_84' title='bbox 266 1817 351 1890; x_wconf 82' lang='lat' dir='ltr'><strong>&#39;Dio</strong></span> <span class='ocrx_word' id='word_1_85' title='bbox 388 1815 675 1911; x_wconf 72' lang='lat' dir='ltr'><strong>chrysostomus,</strong></span> <span class='ocrx_word' id='word_1_86' title='bbox 715 1811 925 1897; x_wconf 89' lang='lat' dir='ltr'><strong>Pausanias,</strong></span> <span class='ocrx_word' id='word_1_87' title='bbox 962 1810 1097 1885; x_wconf 90' lang='lat' dir='ltr'><strong>caeteri.</strong></span> <span class='ocrx_word' id='word_1_88' title='bbox 1137 1810 1343 1886; x_wconf 89' lang='lat' dir='ltr'><strong>Vastitetem</strong></span> <span class='ocrx_word' id='word_1_89' title='bbox 1382 1823 1417 1887; x_wconf 88' lang='lat' dir='ltr'><strong>ct</strong></span> <span class='ocrx_word' id='word_1_90' title='bbox 1456 1815 1609 1914; x_wconf 88' lang='lat' dir='ltr'><strong>inopiam</strong></span> <span class='ocrx_word' id='word_1_91' title='bbox 1648 1828 1683 1893; x_wconf 90' lang='lat' dir='ltr'><strong>et</strong></span> <span class='ocrx_word' id='word_1_92' title='bbox 1726 1847 1805 1920; x_wconf 89' lang='lat' dir='ltr'><strong>ege·</strong></span> 
     </span>
     <span class='ocr_line' id='line_1_11' title="bbox 284 1931 1803 2033; baseline 0.003 -25"><span class='ocrx_word' id='word_1_93' title='bbox 284 1943 408 2010; x_wconf 77' lang='lat' dir='ltr'><strong>stanm</strong></span> <span class='ocrx_word' id='word_1_94' title='bbox 448 1939 644 2032; x_wconf 89' lang='lat' dir='ltr'><strong>sequuntur</strong></span> <span class='ocrx_word' id='word_1_95' title='bbox 680 1932 823 2018; x_wconf 88' lang='lat' dir='ltr'><strong>inertia,</strong></span> <span class='ocrx_word' id='word_1_96' title='bbox 865 1931 1020 2029; x_wconf 87' lang='lat' dir='ltr'><strong>ignavia,</strong></span> <span class='ocrx_word' id='word_1_97' title='bbox 1066 1931 1240 2032; x_wconf 85' lang='lat' dir='ltr'><strong>nequitia,</strong></span> <span class='ocrx_word' id='word_1_98' title='bbox 1283 1931 1364 2005; x_wconf 87' lang='lat' dir='ltr'><strong>vitia</strong></span> <span class='ocrx_word' id='word_1_99' title='bbox 1402 1955 1506 2006; x_wconf 91' lang='lat' dir='ltr'><strong>omne</strong></span> <span class='ocrx_word' id='word_1_100' title='bbox 1545 1958 1668 2033; x_wconf 81' lang='lat' dir='ltr'><strong>genua</strong></span> <span class='ocrx_word' id='word_1_101' title='bbox 1729 1939 1803 2014; x_wconf 92' lang='lat' dir='ltr'><strong>Pri·</strong></span> 
     </span>
     <span class='ocr_line' id='line_1_12' title="bbox 283 2049 1806 2152; baseline 0.001 -24"><span class='ocrx_word' id='word_1_102' title='bbox 283 2077 380 2128; x_wconf 89' lang='lat' dir='ltr'><strong>mum</strong></span> <span class='ocrx_word' id='word_1_103' title='bbox 415 2063 495 2152; x_wconf 86' lang='lat' dir='ltr'><strong>post</strong></span> <span class='ocrx_word' id='word_1_104' title='bbox 527 2053 690 2127; x_wconf 89' lang='lat' dir='ltr'><strong>amissam</strong></span> <span class='ocrx_word' id='word_1_105' title='bbox 722 2052 916 2125; x_wconf 90' lang='lat' dir='ltr'><strong>libertatem</strong></span> <span class='ocrx_word' id='word_1_106' title='bbox 947 2049 1090 2148; x_wconf 81' lang='lat' dir='ltr'><strong>gliscere</strong></span> <span class='ocrx_word' id='word_1_107' title='bbox 1121 2050 1234 2148; x_wconf 89' lang='lat' dir='ltr'><strong>coepit</strong></span> <span class='ocrx_word' id='word_1_108' title='bbox 1274 2049 1373 2123; x_wconf 83' lang='lat' dir='ltr'><strong>londa</strong></span> <span class='ocrx_word' id='word_1_109' title='bbox 1410 2060 1447 2125; x_wconf 89' lang='lat' dir='ltr'><strong>ct</strong></span> <span class='ocrx_word' id='word_1_110' title='bbox 1485 2051 1618 2128; x_wconf 86' lang='lat' dir='ltr'><strong>abiecta</strong></span> <span class='ocrx_word' id='word_1_111' title='bbox 1652 2053 1806 2136; x_wconf 84' lang='lat' dir='ltr'><strong>adulatio</strong></span> 
     </span>
     <span class='ocr_line' id='line_1_13' title="bbox 284 2157 1804 2273; baseline 0.001 -25"><span class='ocrx_word' id='word_1_112' title='bbox 284 2199 344 2273; x_wconf 89' lang='lat' dir='ltr'><strong>spe</strong></span> <span class='ocrx_word' id='word_1_113' title='bbox 381 2174 466 2248; x_wconf 91' lang='lat' dir='ltr'><strong>lucri</strong></span> <span class='ocrx_word' id='word_1_114' title='bbox 498 2171 656 2272; x_wconf 88' lang='lat' dir='ltr'><strong>superbis</strong></span> <span class='ocrx_word' id='word_1_115' title='bbox 690 2179 726 2246; x_wconf 89' lang='lat' dir='ltr'><strong>et</strong></span> <span class='ocrx_word' id='word_1_116' title='bbox 745 2169 988 2268; x_wconf 81' lang='lat' dir='ltr'><strong>arrogantibus</strong></span> <span class='ocrx_word' id='word_1_117' title='bbox 1014 2167 1161 2242; x_wconf 90' lang='lat' dir='ltr'><strong>dominis</strong></span> <span class='ocrx_word' id='word_1_118' title='bbox 1187 2167 1368 2244; x_wconf 84' lang='lat' dir='ltr'><strong>blandiens</strong></span> <span class='ocrx_word' id='word_1_119' title='bbox 1393 2176 1429 2243; x_wconf 90' lang='lat' dir='ltr'><strong>et</strong></span> <span class='ocrx_word' id='word_1_120' title='bbox 1455 2157 1645 2246; x_wconf 85' lang='lat' dir='ltr'><strong>assentans.</strong></span> <span class='ocrx_word' id='word_1_121' title='bbox 1697 2175 1804 2250; x_wconf 86' lang='lat' dir='ltr'><strong>Grae·</strong></span> 
     </span>
     <span class='ocr_line' id='line_1_14' title="bbox 283 2281 1804 2392; baseline -0.001 -24"><span class='ocrx_word' id='word_1_122' title='bbox 283 2294 336 2368; x_wconf 90' lang='lat' dir='ltr'><strong>cia</strong></span> <span class='ocrx_word' id='word_1_123' title='bbox 376 2317 512 2382; x_wconf 87' lang='lat' dir='ltr'><strong>amare,</strong></span> <span class='ocrx_word' id='word_1_124' title='bbox 542 2299 678 2392; x_wconf 91' lang='lat' dir='ltr'><strong>potare,</strong></span> <span class='ocrx_word' id='word_1_125' title='bbox 717 2290 879 2376; x_wconf 89' lang='lat' dir='ltr'><strong>helluari,</strong></span> <span class='ocrx_word' id='word_1_126' title='bbox 913 2298 966 2376; x_wconf 89' lang='lat' dir='ltr'><strong>et,</strong></span> <span class='ocrx_word' id='word_1_127' title='bbox 1002 2295 1041 2360; x_wconf 89' lang='lat' dir='ltr'><strong>ut</strong></span> <span class='ocrx_word' id='word_1_128' title='bbox 1073 2311 1143 2361; x_wconf 92' lang='lat' dir='ltr'><strong>uuo</strong></span> <span class='ocrx_word' id='word_1_129' title='bbox 1175 2288 1278 2361; x_wconf 85' lang='lat' dir='ltr'><strong>verbo</strong></span> <span class='ocrx_word' id='word_1_130' title='bbox 1307 2289 1423 2363; x_wconf 88' lang='lat' dir='ltr'><strong>omnia</strong></span> <span class='ocrx_word' id='word_1_131' title='bbox 1456 2281 1679 2390; x_wconf 86' lang='lat' dir='ltr'><strong>complectar,</strong></span> <span class='ocrx_word' id='word_1_132' title='bbox 1707 2319 1804 2392; x_wconf 89' lang='lat' dir='ltr'><strong>graa-</strong></span> 
     </span>
     <span class='ocr_line' id='line_1_15' title="bbox 283 2406 1805 2512; baseline -0.001 -24"><span class='ocrx_word' id='word_1_133' title='bbox 283 2413 352 2488; x_wconf 89' lang='lat' dir='ltr'><strong>cari</strong></span> <span class='ocrx_word' id='word_1_134' title='bbox 375 2413 568 2510; x_wconf 84' lang='lat' dir='ltr'><strong>perdidicit.</strong></span> <span class='ocrx_word' id='word_1_135' title='bbox 620 2413 796 2489; x_wconf 88' lang='lat' dir='ltr'><strong>Quorsum</strong></span> <span class='ocrx_word' id='word_1_136' title='bbox 825 2415 942 2482; x_wconf 88' lang='lat' dir='ltr'><strong>autem</strong></span> <span class='ocrx_word' id='word_1_137' title='bbox 970 2406 1218 2481; x_wconf 78' lang='lat' dir='ltr'><strong>haecomnia?</strong></span> <span class='ocrx_word' id='word_1_138' title='bbox 1255 2408 1391 2508; x_wconf 92' lang='lat' dir='ltr'><strong>Nempe</strong></span> <span class='ocrx_word' id='word_1_139' title='bbox 1415 2417 1456 2482; x_wconf 91' lang='lat' dir='ltr'><strong>ut</strong></span> <span class='ocrx_word' id='word_1_140' title='bbox 1485 2409 1726 2512; x_wconf 87' lang='lat' dir='ltr'><strong>unusquisque</strong></span> <span class='ocrx_word' id='word_1_141' title='bbox 1752 2413 1805 2488; x_wconf 92' lang='lat' dir='ltr'><strong>in·</strong></span> 
     </span>
     <span class='ocr_line' id='line_1_16' title="bbox 286 2527 1804 2629; baseline 0.002 -24"><span class='ocrx_word' id='word_1_142' title='bbox 286 2533 418 2629; x_wconf 87' lang='lat' dir='ltr'><strong>telligat</strong></span> <span class='ocrx_word' id='word_1_143' title='bbox 446 2531 549 2604; x_wconf 87' lang='lat' dir='ltr'><strong>simul</strong></span> <span class='ocrx_word' id='word_1_144' title='bbox 581 2530 625 2604; x_wconf 91' lang='lat' dir='ltr'><strong>de</strong></span> <span class='ocrx_word' id='word_1_145' title='bbox 652 2532 862 2604; x_wconf 90' lang='lat' dir='ltr'><strong>Graecorum</strong></span> <span class='ocrx_word' id='word_1_146' title='bbox 897 2527 1023 2600; x_wconf 88' lang='lat' dir='ltr'><strong>virtute</strong></span> <span class='ocrx_word' id='word_1_147' title='bbox 1045 2535 1080 2600; x_wconf 90' lang='lat' dir='ltr'><strong>et</strong></span> <span class='ocrx_word' id='word_1_148' title='bbox 1105 2527 1259 2600; x_wconf 89' lang='lat' dir='ltr'><strong>moribus</strong></span> <span class='ocrx_word' id='word_1_149' title='bbox 1280 2551 1356 2603; x_wconf 89' lang='lat' dir='ltr'><strong>esse</strong></span> <span class='ocrx_word' id='word_1_150' title='bbox 1378 2536 1514 2620; x_wconf 88' lang='lat' dir='ltr'><strong>actum,</strong></span> <span class='ocrx_word' id='word_1_151' title='bbox 1540 2531 1645 2606; x_wconf 87' lang='lat' dir='ltr'><strong>simul</strong></span> <span class='ocrx_word' id='word_1_152' title='bbox 1664 2532 1708 2606; x_wconf 91' lang='lat' dir='ltr'><strong>de</strong></span> <span class='ocrx_word' id='word_1_153' title='bbox 1729 2531 1804 2608; x_wconf 87' lang='lat' dir='ltr'><strong>Lit-</strong></span> 
     </span>
     <span class='ocr_line' id='line_1_17' title="bbox 282 2646 1805 2749; baseline 0 -23"><span class='ocrx_word' id='word_1_154' title='bbox 282 2661 432 2726; x_wconf 82' lang='lat' dir='ltr'><strong>terarum</strong></span> <span class='ocrx_word' id='word_1_155' title='bbox 458 2651 668 2724; x_wconf 78' lang='lat' dir='ltr'><strong>Graecarum</strong></span> <span class='ocrx_word' id='word_1_156' title='bbox 690 2647 908 2748; x_wconf 87' lang='lat' dir='ltr'><strong>praestantia.</strong></span> <span class='ocrx_word' id='word_1_157' title='bbox 965 2646 1036 2718; x_wconf 91' lang='lat' dir='ltr'><strong>Ubi</strong></span> <span class='ocrx_word' id='word_1_158' title='bbox 1061 2671 1128 2720; x_wconf 91' lang='lat' dir='ltr'><strong>non</strong></span> <span class='ocrx_word' id='word_1_159' title='bbox 1154 2655 1207 2720; x_wconf 91' lang='lat' dir='ltr'><strong>est</strong></span> <span class='ocrx_word' id='word_1_160' title='bbox 1228 2647 1388 2736; x_wconf 88' lang='lat' dir='ltr'><strong>libertas,</strong></span> <span class='ocrx_word' id='word_1_161' title='bbox 1413 2674 1521 2747; x_wconf 91' lang='lat' dir='ltr'><strong>quam</strong></span> <span class='ocrx_word' id='word_1_162' title='bbox 1542 2651 1632 2726; x_wconf 87' lang='lat' dir='ltr'><strong>solae</strong></span> <span class='ocrx_word' id='word_1_163' title='bbox 1651 2651 1805 2749; x_wconf 87' lang='lat' dir='ltr'><strong>optimae</strong></span> 
     </span>
     <span class='ocr_line' id='line_1_18' title="bbox 281 2765 1807 2868; baseline 0.001 -24"><span class='ocrx_word' id='word_1_164' title='bbox 281 2779 371 2844; x_wconf 86' lang='lat' dir='ltr'><strong>artes</strong></span> <span class='ocrx_word' id='word_1_165' title='bbox 406 2777 442 2844; x_wconf 88' lang='lat' dir='ltr'><strong>et</strong></span> <span class='ocrx_word' id='word_1_166' title='bbox 475 2769 615 2868; x_wconf 89' lang='lat' dir='ltr'><strong>pariunt</strong></span> <span class='ocrx_word' id='word_1_167' title='bbox 647 2774 682 2844; x_wconf 88' lang='lat' dir='ltr'><strong>et</strong></span> <span class='ocrx_word' id='word_1_168' title='bbox 713 2777 844 2868; x_wconf 85' lang='lat' dir='ltr'><strong>partam</strong></span> <span class='ocrx_word' id='word_1_169' title='bbox 875 2765 1076 2854; x_wconf 88' lang='lat' dir='ltr'><strong>stabiliunt,</strong></span> <span class='ocrx_word' id='word_1_170' title='bbox 1110 2765 1159 2840; x_wconf 90' lang='lat' dir='ltr'><strong>ibi</strong></span> <span class='ocrx_word' id='word_1_171' title='bbox 1185 2790 1298 2864; x_wconf 90' lang='lat' dir='ltr'><strong>neque</strong></span> <span class='ocrx_word' id='word_1_172' title='bbox 1328 2767 1442 2866; x_wconf 74' lang='lat' dir='ltr'><strong>poesis</strong></span> <span class='ocrx_word' id='word_1_173' title='bbox 1469 2793 1582 2866; x_wconf 87' lang='lat' dir='ltr'><strong>neque</strong></span> <span class='ocrx_word' id='word_1_174' title='bbox 1610 2771 1807 2867; x_wconf 85' lang='lat' dir='ltr'><strong>eloquentia</strong></span> 
     </span>
     <span class='ocr_line' id='line_1_19' title="bbox 280 2885 1806 2989; baseline 0.001 -26"><span class='ocrx_word' id='word_1_175' title='bbox 280 2889 465 2964; x_wconf 85' lang='lat' dir='ltr'><strong>consistere</strong></span> <span class='ocrx_word' id='word_1_176' title='bbox 486 2897 643 2986; x_wconf 89' lang='lat' dir='ltr'><strong>possunt.</strong></span> <span class='ocrx_word' id='word_1_177' title='bbox 690 2888 762 2962; x_wconf 93' lang='lat' dir='ltr'><strong>Ubi</strong></span> <span class='ocrx_word' id='word_1_178' title='bbox 784 2886 891 2961; x_wconf 90' lang='lat' dir='ltr'><strong>semel</strong></span> <span class='ocrx_word' id='word_1_179' title='bbox 912 2894 1010 2960; x_wconf 89' lang='lat' dir='ltr'><strong>vetus</strong></span> <span class='ocrx_word' id='word_1_180' title='bbox 1032 2885 1090 2960; x_wconf 89' lang='lat' dir='ltr'><strong>illa</strong></span> <span class='ocrx_word' id='word_1_181' title='bbox 1114 2888 1323 2960; x_wconf 90' lang='lat' dir='ltr'><strong>Graecorum</strong></span> <span class='ocrx_word' id='word_1_182' title='bbox 1348 2890 1538 2986; x_wconf 76' lang='grc' dir='ltr'><strong><em>φρόνησις</em></strong></span> <span class='ocrx_word' id='word_1_183' title='bbox 1561 2896 1596 2962; x_wconf 91' lang='lat' dir='ltr'><strong>et</strong></span> <span class='ocrx_word' id='word_1_184' title='bbox 1622 2893 1806 2989; x_wconf 74' lang='grc' dir='ltr'><em>φρόνημα</em></span> 
     </span>
     <span class='ocr_line' id='line_1_20' title="bbox 281 3005 1806 3107; baseline -0.001 -21"><span class='ocrx_word' id='word_1_185' title='bbox 281 3009 497 3097; x_wconf 87' lang='lat' dir='ltr'><strong>occiderunt,</strong></span> <span class='ocrx_word' id='word_1_186' title='bbox 521 3007 631 3083; x_wconf 90' lang='lat' dir='ltr'><strong>idest</strong></span> <span class='ocrx_word' id='word_1_187' title='bbox 656 3007 717 3081; x_wconf 94' lang='lat' dir='ltr'><strong>ubi</strong></span> <span class='ocrx_word' id='word_1_188' title='bbox 739 3007 843 3081; x_wconf 92' lang='lat' dir='ltr'><strong>simul</strong></span> <span class='ocrx_word' id='word_1_189' title='bbox 862 3030 961 3080; x_wconf 88' lang='lat' dir='ltr'><strong>mens</strong></span> <span class='ocrx_word' id='word_1_190' title='bbox 985 3005 1144 3080; x_wconf 87' lang='lat' dir='ltr'><strong>sanioret</strong></span> <span class='ocrx_word' id='word_1_191' title='bbox 1156 3030 1254 3080; x_wconf 90' lang='lat' dir='ltr'><strong>mens</strong></span> <span class='ocrx_word' id='word_1_192' title='bbox 1274 3006 1454 3081; x_wconf 90' lang='lat' dir='ltr'><strong>sublimior</strong></span> <span class='ocrx_word' id='word_1_193' title='bbox 1466 3007 1683 3098; x_wconf 86' lang='lat' dir='ltr'><strong>defecerunt,</strong></span> <span class='ocrx_word' id='word_1_194' title='bbox 1700 3019 1806 3107; x_wconf 88' lang='lat' dir='ltr'><strong>atque</strong></span> 
     </span>
     <span class='ocr_line' id='line_1_21' title="bbox 280 3123 1806 3225; baseline 0 -22"><span class='ocrx_word' id='word_1_195' title='bbox 280 3129 366 3203; x_wconf 89' lang='lat' dir='ltr'><strong>illud</strong></span> <span class='ocrx_word' id='word_1_196' title='bbox 398 3129 567 3203; x_wconf 87' lang='lat' dir='ltr'><strong>amissum</strong></span> <span class='ocrx_word' id='word_1_197' title='bbox 600 3135 652 3201; x_wconf 89' lang='lat' dir='ltr'><strong>cst</strong></span> <span class='ocrx_word' id='word_1_198' title='bbox 675 3127 770 3225; x_wconf 92' lang='lat' dir='ltr'><strong>quod</strong></span> <span class='ocrx_word' id='word_1_199' title='bbox 793 3125 965 3199; x_wconf 86' lang='lat' dir='ltr'><strong>scribendi</strong></span> <span class='ocrx_word' id='word_1_200' title='bbox 986 3133 1077 3199; x_wconf 90' lang='lat' dir='ltr'><strong>recte</strong></span> <span class='ocrx_word' id='word_1_201' title='bbox 1102 3123 1178 3199; x_wconf 91' lang='lat' dir='ltr'><strong>sous</strong></span> <span class='ocrx_word' id='word_1_202' title='bbox 1201 3133 1253 3198; x_wconf 89' lang='lat' dir='ltr'><strong>est</strong></span> <span class='ocrx_word' id='word_1_203' title='bbox 1277 3134 1311 3199; x_wconf 88' lang='lat' dir='ltr'><strong>et</strong></span> <span class='ocrx_word' id='word_1_204' title='bbox 1339 3125 1568 3225; x_wconf 91' lang='lat' dir='ltr'><strong>principium,</strong></span> <span class='ocrx_word' id='word_1_205' title='bbox 1593 3128 1806 3203; x_wconf 88' lang='lat' dir='ltr'><strong>Graecorum</strong></span> 
     </span>
     <span class='ocr_line' id='line_1_22' title="bbox 281 3244 1805 3344; baseline 0 -22"><span class='ocrx_word' id='word_1_206' title='bbox 281 3249 415 3322; x_wconf 83' lang='lat' dir='ltr'><strong>litterae</strong></span> <span class='ocrx_word' id='word_1_207' title='bbox 446 3247 609 3322; x_wconf 87' lang='lat' dir='ltr'><strong>desinunt</strong></span> <span class='ocrx_word' id='word_1_208' title='bbox 638 3271 713 3320; x_wconf 89' lang='lat' dir='ltr'><strong>esse</strong></span> <span class='ocrx_word' id='word_1_209' title='bbox 745 3247 877 3320; x_wconf 91' lang='lat' dir='ltr'><strong>homini</strong></span> <span class='ocrx_word' id='word_1_210' title='bbox 913 3253 1015 3320; x_wconf 90' lang='lat' dir='ltr'><strong>acuto</strong></span> <span class='ocrx_word' id='word_1_211' title='bbox 1050 3253 1085 3318; x_wconf 90' lang='lat' dir='ltr'><strong>et</strong></span> <span class='ocrx_word' id='word_1_212' title='bbox 1118 3244 1298 3342; x_wconf 88' lang='lat' dir='ltr'><strong>ingenioso</strong></span> <span class='ocrx_word' id='word_1_213' title='bbox 1324 3245 1495 3344; x_wconf 88' lang='lat' dir='ltr'><strong>pabulum</strong></span> <span class='ocrx_word' id='word_1_214' title='bbox 1516 3246 1645 3333; x_wconf 89' lang='lat' dir='ltr'><strong>animi,</strong></span> <span class='ocrx_word' id='word_1_215' title='bbox 1682 3246 1805 3322; x_wconf 79' lang='lat' dir='ltr'><strong>incita·</strong></span> 
     </span>
     <span class='ocr_line' id='line_1_23' title="bbox 280 3365 1804 3466; baseline 0 -24"><span class='ocrx_word' id='word_1_216' title='bbox 280 3375 438 3442; x_wconf 90' lang='lat' dir='ltr'><strong>mentum</strong></span> <span class='ocrx_word' id='word_1_217' title='bbox 474 3367 629 3455; x_wconf 81' lang='lat' dir='ltr'><strong>virtutis,</strong></span> <span class='ocrx_word' id='word_1_218' title='bbox 662 3367 846 3466; x_wconf 85' lang='lat' dir='ltr'><strong>speculum</strong></span> <span class='ocrx_word' id='word_1_219' title='bbox 878 3373 1021 3439; x_wconf 88' lang='lat' dir='ltr'><strong>naturae</strong></span> <span class='ocrx_word' id='word_1_220' title='bbox 1048 3371 1083 3438; x_wconf 89' lang='lat' dir='ltr'><strong>et</strong></span> <span class='ocrx_word' id='word_1_221' title='bbox 1115 3365 1259 3438; x_wconf 91' lang='lat' dir='ltr'><strong>humani</strong></span> <span class='ocrx_word' id='word_1_222' title='bbox 1288 3366 1435 3463; x_wconf 88' lang='lat' dir='ltr'><strong>pectoris</strong></span> <span class='ocrx_word' id='word_1_223' title='bbox 1463 3365 1643 3466; x_wconf 90' lang='lat' dir='ltr'><strong>speculum</strong></span> <span class='ocrx_word' id='word_1_224' title='bbox 1667 3371 1702 3438; x_wconf 89' lang='lat' dir='ltr'><strong>et</strong></span> <span class='ocrx_word' id='word_1_225' title='bbox 1725 3365 1804 3442; x_wconf 85' lang='lat' dir='ltr'><strong>lons</strong></span> 
     </span>
     <span class='ocr_line' id='line_1_24' title="bbox 280 3483 1804 3584; baseline -0.001 -24"><span class='ocrx_word' id='word_1_226' title='bbox 280 3487 439 3584; x_wconf 88' lang='lat' dir='ltr'><strong>perennis</strong></span> <span class='ocrx_word' id='word_1_227' title='bbox 463 3487 555 3560; x_wconf 91' lang='lat' dir='ltr'><strong>unde</strong></span> <span class='ocrx_word' id='word_1_228' title='bbox 578 3486 804 3561; x_wconf 87' lang='lat' dir='ltr'><strong>humanitatis</strong></span> <span class='ocrx_word' id='word_1_229' title='bbox 827 3493 863 3558; x_wconf 91' lang='lat' dir='ltr'><strong>et</strong></span> <span class='ocrx_word' id='word_1_230' title='bbox 885 3485 1039 3559; x_wconf 90' lang='lat' dir='ltr'><strong>culturae</strong></span> <span class='ocrx_word' id='word_1_231' title='bbox 1063 3483 1280 3582; x_wconf 88' lang='lat' dir='ltr'><strong>ingeniorum</strong></span> <span class='ocrx_word' id='word_1_232' title='bbox 1307 3491 1342 3558; x_wconf 89' lang='lat' dir='ltr'><strong>et</strong></span> <span class='ocrx_word' id='word_1_233' title='bbox 1361 3484 1550 3583; x_wconf 86' lang='lat' dir='ltr'><strong>elegantiae</strong></span> <span class='ocrx_word' id='word_1_234' title='bbox 1576 3484 1708 3558; x_wconf 86' lang='lat' dir='ltr'><strong>semina</strong></span> <span class='ocrx_word' id='word_1_235' title='bbox 1729 3483 1804 3558; x_wconf 86' lang='lat' dir='ltr'><strong>irri-</strong></span> 
     </span>
     <span class='ocr_line' id='line_1_25' title="bbox 280 3602 1804 3706; baseline 0 -28"><span class='ocrx_word' id='word_1_236' title='bbox 280 3614 361 3706; x_wconf 86' lang='lat' dir='ltr'><strong>gata</strong></span> <span class='ocrx_word' id='word_1_237' title='bbox 396 3605 663 3704; x_wconf 79' lang='lat' dir='ltr'><strong>progerminari.</strong></span> <span class='ocrx_word' id='word_1_238' title='bbox 716 3605 840 3702; x_wconf 87' lang='lat' dir='ltr'><strong>Itaque</strong></span> <span class='ocrx_word' id='word_1_239' title='bbox 870 3603 905 3675; x_wconf 92' lang='lat' dir='ltr'><strong>in</strong></span> <span class='ocrx_word' id='word_1_240' title='bbox 935 3604 1146 3676; x_wconf 86' lang='lat' dir='ltr'><strong>Graecorum</strong></span> <span class='ocrx_word' id='word_1_241' title='bbox 1174 3602 1297 3676; x_wconf 90' lang='lat' dir='ltr'><strong>litteris</strong></span> <span class='ocrx_word' id='word_1_242' title='bbox 1319 3603 1409 3676; x_wconf 88' lang='lat' dir='ltr'><strong>duae</strong></span> <span class='ocrx_word' id='word_1_243' title='bbox 1433 3611 1516 3678; x_wconf 87' lang='lat' dir='ltr'><strong>sunt</strong></span> <span class='ocrx_word' id='word_1_244' title='bbox 1535 3603 1804 3702; x_wconf 84' lang='lat' dir='ltr'><strong>distinguendae</strong></span> 
     </span>
     <span class='ocr_line' id='line_1_26' title="bbox 279 3721 1802 3822; baseline 0 -24"><span class='ocrx_word' id='word_1_245' title='bbox 279 3733 427 3811; x_wconf 84' lang='lat' dir='ltr'><strong>aetates,</strong></span> <span class='ocrx_word' id='word_1_246' title='bbox 457 3747 606 3822; x_wconf 86' lang='lat' dir='ltr'><strong>quarum</strong></span> <span class='ocrx_word' id='word_1_247' title='bbox 629 3724 736 3799; x_wconf 89' lang='lat' dir='ltr'><strong>altera</strong></span> <span class='ocrx_word' id='word_1_248' title='bbox 758 3723 851 3822; x_wconf 91' lang='lat' dir='ltr'><strong>prior</strong></span> <span class='ocrx_word' id='word_1_249' title='bbox 873 3733 908 3796; x_wconf 88' lang='lat' dir='ltr'><strong>et</strong></span> <span class='ocrx_word' id='word_1_250' title='bbox 930 3721 1064 3796; x_wconf 86' lang='lat' dir='ltr'><strong>brevior</strong></span> <span class='ocrx_word' id='word_1_251' title='bbox 1079 3747 1119 3796; x_wconf 90' lang='lat' dir='ltr'><strong>ea</strong></span> <span class='ocrx_word' id='word_1_252' title='bbox 1133 3731 1362 3796; x_wconf 86' lang='lat' dir='ltr'><strong>monumenta</strong></span> <span class='ocrx_word' id='word_1_253' title='bbox 1374 3723 1506 3822; x_wconf 86' lang='lat' dir='ltr'><strong>ingenii</strong></span> <span class='ocrx_word' id='word_1_254' title='bbox 1516 3722 1691 3811; x_wconf 87' lang='lat' dir='ltr'><strong>continet,</strong></span> <span class='ocrx_word' id='word_1_255' title='bbox 1712 3747 1802 3821; x_wconf 85' lang='lat' dir='ltr'><strong>quea</strong></span> 
     </span>
     <span class='ocr_line' id='line_1_27' title="bbox 278 3827 1802 3942; baseline 0 -24"><span class='ocrx_word' id='word_1_256' title='bbox 278 3844 323 3918; x_wconf 89' lang='lat' dir='ltr'><strong>ab</strong></span> <span class='ocrx_word' id='word_1_257' title='bbox 360 3843 497 3918; x_wconf 89' lang='lat' dir='ltr'><strong>incertis</strong></span> <span class='ocrx_word' id='word_1_258' title='bbox 532 3843 729 3942; x_wconf 90' lang='lat' dir='ltr'><strong>primordiis</strong></span> <span class='ocrx_word' id='word_1_259' title='bbox 764 3843 809 3916; x_wconf 88' lang='lat' dir='ltr'><strong>ad</strong></span> <span class='ocrx_word' id='word_1_260' title='bbox 844 3841 1032 3916; x_wconf 85' lang='lat' dir='ltr'><strong>Alexandri</strong></span> <span class='ocrx_word' id='word_1_261' title='bbox 1070 3843 1194 3940; x_wconf 87' lang='lat' dir='ltr'><strong>Magni</strong></span> <span class='ocrx_word' id='word_1_262' title='bbox 1226 3827 1373 3917; x_wconf 88' lang='lat' dir='ltr'><strong>mortem</strong></span> <span class='ocrx_word' id='word_1_263' title='bbox 1404 3842 1542 3918; x_wconf 87' lang='lat' dir='ltr'><strong>condita</strong></span> <span class='ocrx_word' id='word_1_264' title='bbox 1567 3851 1670 3932; x_wconf 89' lang='lat' dir='ltr'><strong>sunt,</strong></span> <span class='ocrx_word' id='word_1_265' title='bbox 1696 3843 1802 3918; x_wconf 89' lang='lat' dir='ltr'><strong>altera</strong></span> 
     </span>
     <span class='ocr_line' id='line_1_28' title="bbox 278 3960 1802 4062; baseline 0.001 -26"><span class='ocrx_word' id='word_1_266' title='bbox 278 3965 445 4062; x_wconf 90' lang='lat' dir='ltr'><strong>posterior</strong></span> <span class='ocrx_word' id='word_1_267' title='bbox 479 3962 679 4062; x_wconf 85' lang='lat' dir='ltr'><strong>longiorque</strong></span> <span class='ocrx_word' id='word_1_268' title='bbox 710 3962 949 4061; x_wconf 87' lang='lat' dir='ltr'><strong>complectitur</strong></span> <span class='ocrx_word' id='word_1_269' title='bbox 970 3960 1143 4060; x_wconf 90' lang='lat' dir='ltr'><strong>quidquid</strong></span> <span class='ocrx_word' id='word_1_270' title='bbox 1170 3970 1417 4060; x_wconf 88' lang='lat' dir='ltr'><strong>postmortem</strong></span> <span class='ocrx_word' id='word_1_271' title='bbox 1442 3962 1632 4037; x_wconf 86' lang='lat' dir='ltr'><strong>Alexandri</strong></span> <span class='ocrx_word' id='word_1_272' title='bbox 1655 3965 1802 4039; x_wconf 87' lang='lat' dir='ltr'><strong>Graecia</strong></span> 
     </span>
     <span class='ocr_line' id='line_1_29' title="bbox 280 4079 1797 4182; baseline 0 -26"><span class='ocrx_word' id='word_1_273' title='bbox 280 4082 443 4156; x_wconf 83' lang='lat' dir='ltr'><strong>servitute</strong></span> <span class='ocrx_word' id='word_1_274' title='bbox 475 4107 640 4182; x_wconf 86' lang='lat' dir='ltr'><strong>oppressa</strong></span> <span class='ocrx_word' id='word_1_275' title='bbox 679 4091 715 4156; x_wconf 88' lang='lat' dir='ltr'><strong>et</strong></span> <span class='ocrx_word' id='word_1_276' title='bbox 750 4083 845 4156; x_wconf 89' lang='lat' dir='ltr'><strong>senio</strong></span> <span class='ocrx_word' id='word_1_277' title='bbox 877 4081 1031 4156; x_wconf 87' lang='lat' dir='ltr'><strong>confecta</strong></span> <span class='ocrx_word' id='word_1_278' title='bbox 1069 4081 1114 4155; x_wconf 90' lang='lat' dir='ltr'><strong>ad</strong></span> <span class='ocrx_word' id='word_1_279' title='bbox 1150 4082 1358 4180; x_wconf 87' lang='lat' dir='ltr'><strong>posteritatis</strong></span> <span class='ocrx_word' id='word_1_280' title='bbox 1393 4081 1596 4158; x_wconf 86' lang='lat' dir='ltr'><strong>memoriam</strong></span> <span class='ocrx_word' id='word_1_281' title='bbox 1632 4079 1797 4179; x_wconf 88' lang='lat' dir='ltr'><strong>prodidit.</strong></span> 
     </span>
     <span class='ocr_line' id='line_1_30' title="bbox 280 4201 1797 4302; baseline -0.003 -24"><span class='ocrx_word' id='word_1_282' title='bbox 280 4202 386 4278; x_wconf 85' lang='lat' dir='ltr'><strong>Quod</strong></span> <span class='ocrx_word' id='word_1_283' title='bbox 412 4201 505 4300; x_wconf 89' lang='lat' dir='ltr'><strong>prior</strong></span> <span class='ocrx_word' id='word_1_284' title='bbox 528 4210 623 4277; x_wconf 85' lang='lat' dir='ltr'><strong>aetas</strong></span> <span class='ocrx_word' id='word_1_285' title='bbox 647 4202 793 4302; x_wconf 90' lang='lat' dir='ltr'><strong>protulit</strong></span> <span class='ocrx_word' id='word_1_286' title='bbox 814 4202 959 4302; x_wconf 86' lang='lat' dir='ltr'><strong>dignum</strong></span> <span class='ocrx_word' id='word_1_287' title='bbox 984 4211 1037 4275; x_wconf 88' lang='lat' dir='ltr'><strong>est</strong></span> <span class='ocrx_word' id='word_1_288' title='bbox 1062 4201 1121 4275; x_wconf 90' lang='lat' dir='ltr'><strong>illa</strong></span> <span class='ocrx_word' id='word_1_289' title='bbox 1143 4202 1387 4290; x_wconf 88' lang='lat' dir='ltr'><strong>admiratione,</strong></span> <span class='ocrx_word' id='word_1_290' title='bbox 1411 4225 1517 4300; x_wconf 86' lang='lat' dir='ltr'><strong>qaam</strong></span> <span class='ocrx_word' id='word_1_291' title='bbox 1537 4226 1598 4300; x_wconf 91' lang='lat' dir='ltr'><strong>per</strong></span> <span class='ocrx_word' id='word_1_292' title='bbox 1615 4207 1797 4275; x_wconf 74' lang='lat' dir='ltr'><strong>totiaccu·</strong></span> 
     </span>
     <span class='ocr_line' id='line_1_31' title="bbox 283 4319 1796 4420; baseline 0.002 -27"><span class='ocrx_word' id='word_1_293' title='bbox 283 4319 393 4394; x_wconf 88' lang='lat' dir='ltr'><strong>lorum</strong></span> <span class='ocrx_word' id='word_1_294' title='bbox 423 4321 607 4396; x_wconf 86' lang='lat' dir='ltr'><strong>decursum</strong></span> <span class='ocrx_word' id='word_1_295' title='bbox 635 4321 752 4396; x_wconf 90' lang='lat' dir='ltr'><strong>idonei</strong></span> <span class='ocrx_word' id='word_1_296' title='bbox 777 4322 907 4396; x_wconf 90' lang='lat' dir='ltr'><strong>iudices</strong></span> <span class='ocrx_word' id='word_1_297' title='bbox 933 4345 1003 4396; x_wconf 91' lang='lat' dir='ltr'><strong>uno</strong></span> <span class='ocrx_word' id='word_1_298' title='bbox 1023 4343 1100 4407; x_wconf 88' lang='lat' dir='ltr'><strong>ore,</strong></span> <span class='ocrx_word' id='word_1_299' title='bbox 1126 4319 1284 4394; x_wconf 88' lang='lat' dir='ltr'><strong>unanimi</strong></span> <span class='ocrx_word' id='word_1_300' title='bbox 1306 4321 1494 4408; x_wconf 76' lang='lat' dir='ltr'><strong>mutantia,</strong></span> <span class='ocrx_word' id='word_1_301' title='bbox 1517 4321 1672 4420; x_wconf 85' lang='lat' dir='ltr'><strong>profiteri</strong></span> <span class='ocrx_word' id='word_1_302' title='bbox 1694 4345 1796 4396; x_wconf 90' lang='lat' dir='ltr'><strong>num·</strong></span> 
     </span>
     <span class='ocr_line' id='line_1_32' title="bbox 282 4439 1397 4540; baseline 0.002 -28"><span class='ocrx_word' id='word_1_303' title='bbox 282 4463 388 4536; x_wconf 86' lang='lat' dir='ltr'><strong>quam</strong></span> <span class='ocrx_word' id='word_1_304' title='bbox 415 4439 609 4529; x_wconf 87' lang='lat' dir='ltr'><strong>desierunt,</strong></span> <span class='ocrx_word' id='word_1_305' title='bbox 635 4442 730 4540; x_wconf 93' lang='lat' dir='ltr'><strong>quod</strong></span> <span class='ocrx_word' id='word_1_306' title='bbox 748 4441 914 4540; x_wconf 91' lang='lat' dir='ltr'><strong>posterior</strong></span> <span class='ocrx_word' id='word_1_307' title='bbox 936 4441 1079 4540; x_wconf 89' lang='lat' dir='ltr'><strong>protulit</strong></span> <span class='ocrx_word' id='word_1_308' title='bbox 1102 4449 1219 4528; x_wconf 86' lang='lat' dir='ltr'><strong>aetas,</strong></span> <span class='ocrx_word' id='word_1_309' title='bbox 1244 4449 1397 4514; x_wconf 90' lang='lat' dir='ltr'><strong>nonest.</strong></span> 
     </span>
    </p>

    <p class='ocr_par' dir='ltr' id='par_1_3' title="bbox 278 4557 1799 4895">
     <span class='ocr_line' id='line_1_33' title="bbox 329 4557 1794 4660; baseline 0 -24"><span class='ocrx_word' id='word_1_310' title='bbox 329 4559 447 4636; x_wconf 84' lang='lat' dir='ltr'><strong>Quam</strong></span> <span class='ocrx_word' id='word_1_311' title='bbox 477 4559 597 4636; x_wconf 87' lang='lat' dir='ltr'><strong>vellem</strong></span> <span class='ocrx_word' id='word_1_312' title='bbox 629 4561 714 4634; x_wconf 93' lang='lat' dir='ltr'><strong>mihi</strong></span> <span class='ocrx_word' id='word_1_313' title='bbox 750 4585 812 4660; x_wconf 90' lang='lat' dir='ltr'><strong>per</strong></span> <span class='ocrx_word' id='word_1_314' title='bbox 843 4560 931 4634; x_wconf 85' lang='lat' dir='ltr'><strong>hanc</strong></span> <span class='ocrx_word' id='word_1_315' title='bbox 967 4559 1069 4632; x_wconf 90' lang='lat' dir='ltr'><strong>horae</strong></span> <span class='ocrx_word' id='word_1_316' title='bbox 1091 4557 1294 4632; x_wconf 85' lang='lat' dir='ltr'><strong>brevitatem</strong></span> <span class='ocrx_word' id='word_1_317' title='bbox 1324 4559 1441 4632; x_wconf 87' lang='lat' dir='ltr'><strong>liceret</strong></span> <span class='ocrx_word' id='word_1_318' title='bbox 1469 4559 1651 4634; x_wconf 84' lang='lat' dir='ltr'><strong>ostendere</strong></span> <span class='ocrx_word' id='word_1_319' title='bbox 1669 4583 1794 4660; x_wconf 86' lang='lat' dir='ltr'><strong>quam·</strong></span> 
     </span>
     <span class='ocr_line' id='line_1_34' title="bbox 279 4674 1795 4778; baseline 0.005 -30"><span class='ocrx_word' id='word_1_320' title='bbox 279 4674 397 4750; x_wconf 90' lang='lat' dir='ltr'><strong>obrem</strong></span> <span class='ocrx_word' id='word_1_321' title='bbox 421 4675 501 4750; x_wconf 88' lang='lat' dir='ltr'><strong>illos</strong></span> <span class='ocrx_word' id='word_1_322' title='bbox 525 4675 645 4750; x_wconf 82' lang='lat' dir='ltr'><strong>heroes</strong></span> <span class='ocrx_word' id='word_1_323' title='bbox 667 4685 740 4750; x_wconf 85' lang='lat' dir='ltr'><strong>toto</strong></span> <span class='ocrx_word' id='word_1_324' title='bbox 765 4675 880 4752; x_wconf 89' lang='lat' dir='ltr'><strong>animo</strong></span> <span class='ocrx_word' id='word_1_325' title='bbox 900 4676 1067 4764; x_wconf 90' lang='lat' dir='ltr'><strong>admirer,</strong></span> <span class='ocrx_word' id='word_1_326' title='bbox 1093 4684 1128 4750; x_wconf 90' lang='lat' dir='ltr'><strong>et</strong></span> <span class='ocrx_word' id='word_1_327' title='bbox 1146 4676 1183 4750; x_wconf 87' lang='lat' dir='ltr'><strong>in</strong></span> <span class='ocrx_word' id='word_1_328' title='bbox 1205 4675 1272 4750; x_wconf 90' lang='lat' dir='ltr'><strong>illis</strong></span> <span class='ocrx_word' id='word_1_329' title='bbox 1289 4675 1522 4778; x_wconf 80' lang='lat' dir='ltr'><strong>intelligendis</strong></span> <span class='ocrx_word' id='word_1_330' title='bbox 1534 4686 1570 4753; x_wconf 91' lang='lat' dir='ltr'><strong>et</strong></span> <span class='ocrx_word' id='word_1_331' title='bbox 1584 4679 1795 4778; x_wconf 85' lang='lat' dir='ltr'><strong>explicandis</strong></span> 
     </span>
     <span class='ocr_line' id='line_1_35' title="bbox 278 4793 1799 4895; baseline 0.006 -29"><span class='ocrx_word' id='word_1_332' title='bbox 278 4801 313 4866; x_wconf 89' lang='lat' dir='ltr'><strong>et</strong></span> <span class='ocrx_word' id='word_1_333' title='bbox 339 4794 565 4869; x_wconf 86' lang='lat' dir='ltr'><strong>emendandis</strong></span> <span class='ocrx_word' id='word_1_334' title='bbox 582 4802 730 4870; x_wconf 62' lang='lat' dir='ltr'><strong>aemam</strong></span> <span class='ocrx_word' id='word_1_335' title='bbox 753 4795 890 4893; x_wconf 87' lang='lat' dir='ltr'><strong>exigere</strong></span> <span class='ocrx_word' id='word_1_336' title='bbox 910 4804 945 4867; x_wconf 90' lang='lat' dir='ltr'><strong>et</strong></span> <span class='ocrx_word' id='word_1_337' title='bbox 969 4793 1056 4868; x_wconf 88' lang='lat' dir='ltr'><strong>vitoe</strong></span> <span class='ocrx_word' id='word_1_338' title='bbox 1078 4793 1298 4869; x_wconf 89' lang='lat' dir='ltr'><strong>tabernacula</strong></span> <span class='ocrx_word' id='word_1_339' title='bbox 1308 4821 1435 4895; x_wconf 88' lang='lat' dir='ltr'><strong>ponere</strong></span> <span class='ocrx_word' id='word_1_340' title='bbox 1444 4798 1643 4887; x_wconf 85' lang='lat' dir='ltr'><strong>statuerim,</strong></span> <span class='ocrx_word' id='word_1_341' title='bbox 1665 4801 1799 4875; x_wconf 88' lang='lat' dir='ltr'><strong>etuibil</strong></span> 
     </span>
    </p>

    <p class='ocr_par' dir='ltr' id='par_1_4' title="bbox 1578 4919 1630 4992">
     <span class='ocr_line' id='line_1_36' title="bbox 1578 4919 1630 4992; baseline 0 -29"><span class='ocrx_word' id='word_1_342' title='bbox 1578 4919 1630 4992; x_wconf 64' lang='lat'><strong>2*</strong></span> 
     </span>
    </p>
   </div>
   <div class='ocr_carea' id='block_1_3' title="bbox 0 0 2470 6176">
    <p class='ocr_par' dir='ltr' id='par_1_5' title="bbox 0 0 2470 6176">
     <span class='ocr_line' id='line_1_37' title="bbox 0 0 2470 6176; baseline 0 4"><span class='ocrx_word' id='word_1_343' title='bbox 0 0 2470 6176; x_wconf 95' lang='lat' dir='ltr'><strong> </strong></span> 
     </span>
    </p>
   </div>
  </div>
 </body>
</html>
