4930 6176
709 655 746 720 8.
1290 647 1652 714 account

757 858 876 934 Nolite
898 865 1017 933 autem
1036 865 1209 940 metuere,
1235 853 1443 940 Auditores,
1465 878 1508 928 ne
1536 879 1577 928 ea
1597 879 1686 952 quae
1709 855 2231 932 disireleramautaddiversas

710 977 892 1053 hominnm
925 977 969 1051 de
997 975 1162 1076 religione
1183 983 1220 1048 et
1240 974 1344 1048 sacris
1365 973 1563 1071 opiniones,
1589 975 1716 1048 autad
1738 975 1775 1048 id
1800 977 1896 1074 quod
1921 979 2070 1077 quisque
2093 980 2137 1053 de
2159 1002 2231 1076 rep.

708 1097 839 1197 optime
872 1095 1146 1172 administranda
1181 1093 1317 1168 sentiat.
1367 1095 1449 1167 Non
1484 1094 1698 1168 committam
1733 1094 1842 1190 utin
1875 1097 2083 1196 cuiusquam
2116 1097 2233 1172 animo

709 1241 826 1292 coecos
848 1217 978 1290 irarum
1004 1216 1133 1290 fluctus
1155 1213 1325 1288 concitem
1349 1237 1390 1288 ea
1415 1213 1734 1300 commemorando,
1757 1238 1847 1312 quae
1874 1215 1918 1290 de
1943 1217 2048 1290 rebus
2073 1215 2231 1315 gavissi-

647 1343 650 1350 '
709 1337 776 1410 mis
798 1335 1092 1434 sanctissimisque
1112 1333 1268 1408 homines
1285 1339 1422 1406 nostrae
1444 1333 1567 1406 aetatis
1587 1333 1636 1406 ita
1654 1333 1745 1406 inter
1761 1357 1799 1407 se
1823 1333 2058 1433 digladiantur
2083 1345 2122 1409 ut
2144 1359 2232 1432 quae

708 1455 784 1531 aliis
807 1457 876 1530 vita
895 1455 1028 1554 potiora
1048 1461 1131 1528 sunt
1150 1452 1250 1528 caah
1271 1453 1347 1526 aliis
1367 1461 1429 1526 out
1449 1453 1485 1524 in
1500 1451 1682 1525 discrimen
1702 1461 1763 1525 aut
1777 1453 1814 1526 in
1828 1462 2042 1528 contemtum
2058 1465 2230 1528 vocentur.

709 1573 904 1648 Continebo
937 1597 993 1648 me
1026 1573 1117 1648 intra
1145 1597 1204 1646 eos
1238 1573 1326 1645 fines
1349 1571 1479 1670 quibus
1503 1595 1580 1645 mea
1600 1570 1711 1669 ipsius
1734 1571 1850 1646 studia
1872 1573 2101 1648 continentur.
2140 1572 2231 1647 Satis

708 1701 761 1767 est
781 1693 977 1792 argumenti
1000 1691 1036 1766 in
1060 1691 1270 1766 Litterarum
1293 1699 1446 1766 veterum
1468 1689 1595 1766 studiis
1617 1701 1679 1765 eut
1698 1691 1881 1766 laudandis
1899 1701 1961 1767 aut
1981 1693 2232 1792 vituperandis,

710 1811 802 1887 unde
836 1812 958 1886 eadem
996 1811 1054 1884 illa
1087 1811 1174 1884 acris
1209 1834 1328 1908 pugna
1360 1817 1588 1909 cognoscatur
1610 1812 1700 1886 inter
1724 1837 1782 1885 eos
1808 1812 1870 1910 qui
1893 1813 2067 1887 mordicus
2090 1813 2232 1910 antique

707 1931 858 2004 retinent
884 1937 919 2004 et
938 1930 1076 2028 eosqui
1098 1929 1193 2028 quod
1213 1929 1263 2002 illi
1284 1929 1382 2004 unice
1396 1930 1580 2018 mirantur,
1602 1941 1825 2006 contemnant
1839 1941 1875 2004 et
1890 1955 1954 2030 pro
1971 1931 2078 2006 nihilo
2092 1931 2229 2006 ducant.

708 2051 876 2124 Fremant
912 2051 970 2123 alii
1004 2057 1066 2122 aut
1097 2049 1133 2120 in
1169 2047 1308 2122 brevius
1343 2049 1578 2124 contrahenda
1616 2061 1678 2124 aut
1711 2075 1851 2150 prorsus
1892 2049 2044 2124 tollenda
2081 2075 2156 2124 esse
2192 2075 2232 2124 ea

707 2169 895 2268 inquibus
920 2169 1065 2242 firmiter
1089 2168 1278 2241 retinendis
1303 2168 1589 2268 stabiliendisque
1613 2170 1671 2244 alii
1694 2171 1838 2246 sanioris
1864 2169 2039 2244 doctrinae
2066 2193 2231 2268 veraeque

708 2287 934 2364 humanitatis
957 2289 1104 2362 salutem
1132 2287 1217 2360 verti
1242 2287 1462 2384 pertinaciter
1483 2287 1665 2362 affirmant.

757 2409 875 2486 Quam
904 2407 1038 2481 mutata
1064 2417 1146 2480 sunt
1169 2409 1342 2504 temporat
1384 2408 1501 2484 Quam
1526 2407 1629 2479 multi
1652 2405 1854 2502 superstites
1875 2415 1958 2478 sunt
1982 2406 2044 2505 qui
2067 2407 2231 2480 memine-

707 2535 789 2600 runt
825 2551 935 2625 quum
960 2527 1049 2601 inter
1071 2550 1213 2612 omnes,
1243 2550 1391 2622 quorum
1422 2525 1561 2622 ingenia
1585 2525 1717 2600 liberali
1741 2524 1896 2598 doctrina
1920 2525 2070 2624 expolita
2096 2535 2231 2612 meent,

713 2647 797 2720 satis
827 2654 999 2720 constaret
1029 2671 1168 2719 omnem
1198 2645 1450 2718 humanitatem
1480 2655 1516 2717 et
1543 2669 1681 2718 omnem
1708 2644 1950 2742 elegantiorem
1976 2670 2015 2718 ac
2038 2643 2231 2718 solidiorem

708 2765 899 2840 doctrinam
932 2775 967 2839 et
998 2789 1138 2838 omnem
1171 2765 1347 2862 cogitandi
1370 2763 1554 2838 sanitatem
1580 2763 1786 2861 dicendique
1812 2763 2010 2838 facultatem
2034 2790 2073 2838 ac
2097 2765 2231 2861 copiam

705 2885 927 2982 antiquarum
951 2885 1159 2956 Litterarum
1190 2885 1423 2958 monumentis
1449 2883 1636 2958 subnixam
1658 2909 1733 2958 esse
1756 2892 1932 2982 oportere,
1966 2908 2075 2981 quum
2102 2886 2231 2958 Graece

706 3003 899 3101 Latineque
933 3003 1059 3076 scirent
1091 3025 1211 3074 omnes
1244 3003 1305 3100 qui
1339 3028 1443 3102 supra
1477 3003 1572 3101 vulgi
1606 3013 1747 3103 captum
1773 3028 1891 3102 sapere
1915 3003 2095 3090 volebant,
2121 3027 2231 3100 quum

705 3123 914 3198 Litterarum
953 3131 1103 3196 veterum
1132 3123 1274 3196 scientia
1295 3123 1464 3220 insignior
1488 3121 1696 3220 reliquarum
1723 3123 1979 3221 disciplinarum
2006 3121 2143 3196 laudem
2165 3121 2227 3194 ob-

705 3251 865 3318 scuraret.

754 3362 884 3459 Ecquis
911 3361 998 3434 lorte
1033 3371 1183 3436 vestrum
1211 3387 1265 3436 me
1296 3387 1335 3434 ea
1364 3371 1519 3460 tempora
1541 3361 1733 3435 desiderare
1756 3361 1954 3434 existimat?
1980 3375 2040 3434 aut
2062 3360 2160 3458 queri
2184 3359 2227 3431 de

707 3482 903 3580 aequalium
925 3481 1155 3579 negligentia,
1176 3493 1237 3555 aut
1254 3507 1413 3556 accusare
1428 3507 1488 3556 eos
1505 3506 1653 3578 quorum
1667 3505 1769 3580 opera
1782 3481 1910 3556 factum
1926 3482 1990 3568 sit,
2006 3489 2045 3554 ut
2058 3477 2117 3553 illa
2131 3487 2228 3552 vetus

575 3643 578 3652 1
709 3601 845 3698 Regina
880 3623 972 3673 nuno
1009 3600 1145 3698 legibus
1178 3611 1336 3675 teneatur
1367 3627 1406 3675 ac
1440 3601 1589 3674 serviat?
1636 3600 1674 3674 Si
1712 3600 1791 3698 quis
1821 3599 1908 3674 forte
1937 3601 1973 3672 in
1999 3623 2039 3672 ea
2065 3595 2227 3695 opinione

707 3726 877 3805 versatur,
901 3718 1014 3817 palam
1037 3744 1079 3792 ex
1102 3743 1158 3794 me
1180 3719 1300 3793 audiat
1321 3743 1377 3791 me
1395 3719 1431 3791 in
1454 3741 1494 3790 ca
1516 3741 1654 3814 quoque
1675 3741 1712 3791 re
1733 3717 1876 3816 probare
1890 3715 2096 3790 sententiam
2108 3737 2226 3788 eorum

706 3862 854 3936 quorum
879 3837 1028 3936 ingeniis
1053 3840 1245 3937 praesentia
1270 3847 1425 3936 tempora
1448 3846 1622 3935 regantur.

752 3957 909 4032 Multum
956 3957 1054 4032 abest
1100 3969 1140 4031 ut
1182 3959 1343 4056 equidem
1384 3957 1442 4031 illa
1485 3965 1639 4054 tempora
1683 3955 1871 4029 desiderem
1915 3978 2024 4051 quum
2072 3961 2225 4026 veterum

702 4077 912 4154 Litterarum
939 4077 1056 4150 studia
1080 4077 1155 4150 eliis
1184 4077 1373 4176 disciplinis
1399 4077 1572 4150 officerent
1599 4075 1709 4174 magis
1735 4099 1840 4172 quam
1865 4074 2075 4172 prodessent.
2129 4070 2223 4142 hiul-

706 4203 782 4272 tum
818 4197 916 4270 abest
954 4203 994 4270 ut
1031 4195 1117 4270 mibi
1152 4196 1201 4270 illi
1232 4197 1389 4294 placeant
1423 4195 1485 4292 qui
1518 4195 1601 4270 olim
1637 4204 1698 4268 aut
1735 4195 1951 4268 mediocriter
1982 4202 2044 4266 aut
2077 4215 2120 4264 ne
2153 4213 2223 4262 me·

704 4315 863 4388 diocriter
894 4315 1035 4412 quidem
1070 4315 1106 4388 in
1143 4315 1201 4390 illo
1234 4316 1434 4391 difficillimo
1461 4314 1656 4389 studiorum
1682 4337 1807 4410 genere
1835 4313 1977 4398 versati,
2006 4321 2047 4384 ut
2073 4335 2113 4383 ea
2135 4333 2224 4406 quae

702 4433 989 4534 paucissimorum
1011 4441 1093 4508 sunt
1110 4435 1259 4510 assecuti
1275 4458 1353 4508 esse
1374 4434 1582 4520 viderentur,
1604 4431 1785 4506 ambitiose
1806 4457 1845 4506 ac
1864 4431 1940 4506 sine
1958 4431 2027 4524 fine
2048 4436 2224 4526 creparent

708 4555 858 4630 divinam
881 4552 1028 4628 Homeri
1053 4579 1190 4643 venam,
1211 4555 1357 4630 coeleste
1377 4553 1530 4628 Platonis
1545 4551 1741 4651 ingenium,
1754 4552 1969 4626 maiestatem
1983 4548 2224 4645 Tragioornm,

705 4673 840 4746 Atticos
861 4671 948 4746 sales
966 4671 1227 4772 Aristophanis,
1250 4671 1485 4746 incredibilem
1503 4671 1572 4744 vim
1594 4669 1731 4746 dicendi
1752 4667 2015 4754 Demosthenis,
2039 4664 2222 4738 admirabi-

705 4791 771 4866 lem
798 4791 1028 4887 eloquentiam
1054 4793 1248 4868 Tullianam
1274 4801 1335 4866 aut
1360 4791 1504 4866 lacteam
1529 4789 1619 4864 Livii
1643 4789 1848 4862 ubertatem.
