4930 6176
509 1558 683 1618 santum
712 1557 807 1616 MIHI
831 1556 967 1616 orfitus
987 1554 1208 1618 QUOTQUO'I'
1229 1557 1410 1630 Abusus,
1440 1556 1673 1618 ACADEMIAE
1693 1558 1787 1620 IaUG·

549 1657 859 1717 nuno-Bararus
888 1656 1136 1729 cumanorum,
1164 1657 1449 1731 Pnouussouns,
1473 1659 1694 1733 docmata.
1722 1663 1787 1722 vn-

549 1759 672 1820 'I'ERES
692 1761 743 1820 Au
764 1759 865 1820 NOVI
885 1758 1107 1832 FAUTORES,
1129 1759 1261 1834 AMIOI,
1285 1761 1457 1833 ALUMNI,
1479 1762 1667 1822 SALVETE.

315 2185 433 2262 Habet
462 2185 526 2260 hoc
556 2185 713 2259 omnium
740 2205 911 2258 consensu
939 2189 1055 2290 nostra
1085 2191 1200 2274 aetas,
1236 2194 1276 2259 ut
1299 2185 1344 2257 sit
1368 2185 1586 2283 antiquitatis
1609 2195 1644 2259 ct
1668 2209 1784 2261 rernm

266 2316 419 2381 veterum
448 2305 653 2380 incuriosior
684 2313 720 2377 et
751 2302 974 2391 fastidiosior,
1004 2312 1040 2377 et
1069 2312 1203 2400 contra!
1213 2305 1429 2404 appetentior
1453 2305 1630 2404 aliquanto
1654 2313 1689 2378 et
1713 2306 1783 2380 avi·

266 2425 341 2500 dior
367 2426 529 2500 novitatis
550 2447 590 2498 ac
615 2445 728 2496 rarum
757 2444 934 2497 novaram.
984 2423 1090 2497 Nulla
1115 2447 1195 2522 pars
1223 2432 1418 2499 ontearum
1442 2447 1578 2513 rerum,
1601 2424 1787 2525 inquibus

266 2544 444 2618 hominnm
473 2543 580 2618 animi
619 2551 655 2616 ct
683 2549 817 2616 mentes
850 2549 1047 2640 occupatae.
1066 2523 1142 2618 esse
1170 2543 1301 2630 solent,
1336 2543 1398 2617 nbi
1421 2568 1489 2618 non
1513 2555 1675 2643 appareat
1698 2543 1786 2618 illud

265 2661 512 2737 sententiarum
532 2661 736 2748 discidium,
763 2668 802 2734 nt
823 2659 936 2734 minor
962 2685 1041 2759 pars
1066 2663 1246 2738 hominum
1269 2687 1379 2760 eaque
1401 2663 1470 2737 lere
1490 2673 1651 2738 constans
1666 2663 1784 2750 exiis,
1889 2698 1897 2708 ·

264 2805 412 2880 quorum
451 2790 513 2856 aut
545 2788 640 2855 aetas
677 2781 722 2855 sit
754 2781 917 2880 grandior
950 2789 1011 2855 aut
1041 2788 1164 2856 natura
1194 2782 1324 2856 tardior
1342 2792 1404 2856 aut
1424 2783 1551 2857 lentius
1577 2783 1780 2882 ingenium,

264 2902 382 2976 laudet
403 2900 585 3000 praeterita
613 2901 674 2975 scd
699 2925 787 2976 nova
810 2927 850 2975 ec
875 2909 1054 2975 novatores
1078 2911 1140 2976 ant
1172 2910 1307 2977 metuat
1327 2911 1389 2976 ant
1415 2902 1537 2977 oderit.
1588 2902 1638 2975 Hi
1664 2925 1784 2976 omncs

264 3022 449 3121 pristinum
481 3043 597 3095 rerum
632 3021 776 3094 modum
809 3045 1010 3120 moremque
1033 3030 1106 3096 tam
1132 3022 1265 3119 perdite
1288 3030 1407 3096 amant
1431 3029 1470 3096 ut
1492 3021 1559 3095 illis
1584 3001 1720 3096 arnissis
1740 3021 1785 3096 dc

264 3141 400 3242 generis
431 3141 578 3214 humani
607 3141 716 3214 salute
746 3150 781 3214 et
809 3142 853 3216 de
876 3140 1049 3215 societatis
1075 3141 1247 3216 humanae
1272 3141 1435 3216 felicitate
1458 3148 1575 3216 actum
1598 3141 1670 3214 lore
1692 3139 1784 3214 arbi·

264 3269 409 3335 tuantur.
459 3261 509 3334 At
544 3259 597 3332 his
628 3260 777 3358 oppositi
808 3260 867 3334 alii
898 3267 934 3334 et
961 3283 1106 3335 numero
1131 3261 1247 3360 plures
1272 3271 1306 3336 et
1331 3263 1470 3361 ingenio
1492 3261 1636 3334 acriores
1658 3268 1694 3332 et
1716 3258 1784 3333 fer·

264 3380 410 3454 vidiores
442 3387 565 3454 natura
596 3386 670 3453 tcto
703 3387 840 3478 pectore
875 3381 911 3454 in
945 3381 1154 3454 contrarium
1183 3389 1309 3468 ruunt,
1347 3405 1543 3478 magnaque
1578 3379 1722 3454 audacia
1747 3386 1783 3452 et

264 3499 471 3576 confidentia
516 3499 732 3596 antiquitatis
774 3499 1014 3574 auctoritatem
1059 3501 1345 3600 maiestatemque
1386 3524 1524 3575 omnem
1573 3498 1781 3574 convellunt.

264 3621 405 3718 Negant
428 3619 466 3692 id
492 3619 587 3717 quod
613 3624 788 3692 vetustum
812 3619 877 3708 sit,
913 3619 974 3692 sed
1001 3619 1095 3717 qnod
1121 3644 1265 3710 sanum,
1292 3623 1387 3720 quod
1414 3620 1570 3706 salubre,
1605 3619 1699 3716 quod
1724 3643 1781 3692 ve·

264 3761 343 3812 rum
381 3739 426 3812 sit
467 3737 532 3813 coli
572 3746 608 3812 et
642 3739 751 3812 excoli
785 3745 951 3837 oportere.
1003 3739 1133 3812 Crebro
1166 3740 1347 3816 dictitent:
1380 3750 1420 3816 ut
1452 3738 1613 3814 nobilitas
1645 3737 1782 3836 generis

266 3857 340 3931 sine
363 3858 488 3931 virtute
511 3858 598 3932 nihil
623 3865 676 3932 est
698 3864 734 3930 et
756 3865 874 3933 contra
896 3859 931 3931 in
959 3883 1028 3956 qno
1050 3858 1158 3933 virtus
1184 3860 1229 3933 sit
1255 3861 1291 3934 id
1317 3885 1452 3958 semper
1474 3858 1557 3932 satis
1581 3857 1697 3930 nobile
1720 3863 1794 3931 aut-

265 4001 340 4052 esae
371 3986 432 4052 ant
465 3977 552 4065 lore,
581 3977 629 4050 sic
661 3977 697 4048 in
732 3977 807 4075 ipsc
839 3977 1046 4076 antiquitate
1083 3978 1169 4052 nihil
1209 4003 1282 4054 esse
1317 3978 1420 4066 boni,
1445 3986 1489 4051 et.
1505 3977 1599 4076 quod
1627 3976 1778 4061 bonum,

266 4097 359 4196 quod
390 4096 603 4196 praeclarum
646 4096 709 4183 ait,
740 4096 776 4168 id
813 4095 879 4170 sibi
900 4097 1063 4170 omnibus
1087 4097 1191 4172 rebus
1221 4123 1296 4173 asse
1322 4097 1510 4196 antiquius.

315 4217 384 4289 Sed
422 4216 508 4314 quid
540 4240 605 4315 ego
639 4239 732 4290 nunc
766 4215 976 4290 animorum·
998 4223 1113 4290 motus
1145 4217 1358 4306 describam,
1402 4215 1530 4316 quibus
1565 4235 1685 4286 omncs
1718 4235 1785 4286 nos

229 4393 231 4400 .
266 4336 470 4409 commoveri
505 4336 702 4410 sentimus?
751 4336 865 4412 Nemo
897 4335 1004 4409 ferme
1039 4344 1195 4410 nostrum
1231 4347 1284 4410 est
1312 4336 1464 4434 quinon
1490 4341 1654 4433 agnoscat
1681 4357 1718 4406 se
1744 4333 1781 4406 in

265 4453 439 4528 alterutris
463 4456 581 4529 castris
606 4457 766 4530 militare.

315 4574 406 4647 Sunt
443 4575 585 4650 fortasse
615 4577 676 4674 qni
704 4576 935 4661 diffiteantur,
971 4574 1032 4646 sed
1070 4574 1243 4648 neminem
1276 4599 1352 4648 assa
1374 4575 1534 4648 existimo
1558 4572 1658 4646 cuius
1683 4595 1782 4646 mens

266 4693 373 4767 veluti
405 4695 524 4792 aequis
556 4695 680 4769 librata
703 4692 913 4792 ponderibus
939 4694 1030 4767 inter
1056 4717 1211 4769 summas
1234 4694 1515 4768 dissentientium
1545 4691 1782 4767 contentiones

265 4812 379 4886 madia
408 4812 545 4888 haereat
570 4814 757 4890 immobilis
783 4819 818 4886 et
839 4835 908 4886 non
932 4811 1080 4886 subinde
1104 4823 1165 4886 aut
1189 4813 1257 4888 huc
1281 4825 1342 4888 aut
1370 4814 1452 4888 illuc
1477 4813 1628 4888 inclinet.
