4930 6176
700 669 746 738 20
1278 661 1642 736 canones

700 903 768 956 nac
791 885 827 954 et
847 875 1107 954 foecundissimi
1127 873 1260 975 ingenii
1277 873 1392 950 loetum
1414 897 1554 962 omnes,
1578 871 1769 960 maximos,
1794 868 1977 960 minimos,
1999 871 2103 970 vulgo
2121 877 2222 948 notos

701 1007 764 1076 eut
787 997 824 1072 in
845 997 962 1096 aliquo
985 993 1116 1096 angulo
1139 992 1278 1070 abditos
1304 993 1371 1068 sub
1394 1016 1465 1068 uno
1487 999 1675 1092 conspectu
1694 991 1825 1090 positos
1846 989 1956 1066 ocrrlis
1980 989 2220 1092 perlustrabit,

701 1139 851 1219 quorum
887 1115 1161 1214 colligendorum
1195 1137 1298 1188 curae
1331 1112 1419 1188 mibi
1449 1137 1493 1188 er
1517 1111 1629 1188 officio
1655 1109 1883 1187 demandatae
1907 1133 2102 1208 numquam
2124 1108 2220 1186 satis·

699 1235 810 1314 iaoere
833 1236 1050 1335 potuissem,
1074 1232 1144 1309 niai
1166 1233 1242 1322 uu,
1266 1231 1441 1308 carissime
1463 1233 1507 1307 de
1531 1229 1633 1320 Wal,
1657 1237 1874 1330 peramanter
1901 1237 1937 1304 et
1958 1229 2221 1330 perdiligenter,

699 1364 743 1432 ut
772 1355 883 1444 soles,
918 1353 1089 1430 laboranti
1118 1352 1205 1428 mibi
1230 1351 1460 1429 subvenisses.
1511 1351 1562 1426 Ut
1590 1375 1633 1426 ex
1656 1350 1809 1426 oratione
1834 1348 1885 1424 ita
1908 1374 1952 1424 ex
1975 1349 2072 1424 libris
2094 1349 2221 1450 optimc
2285 1382 2295 1412 s

699 1475 871 1574 emurque
905 1481 1030 1550 natura
1064 1482 1100 1548 et
1131 1496 1244 1550 mores
1265 1471 1487 1571 colliguntur.
1537 1469 1622 1546 Erat
1644 1469 1892 1569 'lydemennus
1916 1477 1991 1564 (vos
2010 1495 2132 1546 omnes
2154 1478 2220 1546 tea-

699 1600 774 1685 tor,
806 1617 889 1670 narn
919 1617 1024 1668 nemo
1050 1599 1208 1668 nostrum
1230 1591 1324 1666 illins
1348 1591 1531 1692 ingenium
1555 1599 1617 1666 aut
1642 1613 1712 1666 non
1736 1591 1832 1666 novit
1852 1599 1914 1668 aut
1935 1614 2005 1666 non
2028 1590 2218 1682 meminit),

699 1722 774 1790 erat
810 1713 1060 1813 Tydemannus
1097 1721 1178 1788 ante
1211 1712 1331 1787 omnia
1363 1718 1530 1811 argutus,
1564 1734 1661 1800 acar,
1695 1709 1826 1800 alacer,
1864 1719 1936 1786 tam
1972 1718 2090 1787 mente
2117 1733 2221 1810 quam

697 1855 857 1934 corpore,
882 1840 923 1906 ut
948 1832 999 1908 ita
1023 1831 1156 1919 dicam,
1177 1830 1299 1929 agilis,
1323 1830 1520 1930 celeresque
1546 1830 1654 1906 animi
1677 1839 1795 1906 motus
1823 1854 1844 1906 e
1868 1830 2019 1930 corporis
2045 1829 2221 1906 volomtate

696 1950 928 2052 pellucebant.
978 1951 1043 2024 Est
1072 1949 1138 2024 hoc
1165 1949 1366 2025 hominibus
1390 1949 1545 2049 argutis,
1570 1949 1698 2048 promti
1721 1950 1848 2038 animi,
1873 1950 2001 2048 promti
2022 1949 2115 2038 oris,
2139 1949 2219 2025 acri·

695 2069 765 2146 bns
800 2079 836 2145 et
868 2068 1138 2171 pugnacioribus
1176 2069 1375 2169 proprium,
1411 2079 1452 2144 ut
1485 2069 1677 2144 multorum
1713 2068 1896 2144 irritabiles
1933 2069 2068 2146 animos
2104 2069 2221 2146 erebro

696 2197 858 2290 pungent
882 2196 919 2264 et
943 2213 1046 2288 saepe
1073 2183 1247 2288 graviores
1272 2187 1441 2278 offensas,
1476 2213 1578 2288 saepe
1598 2189 1690 2262 leves
1711 2187 1978 2264 offensiunculas
2000 2189 2134 2278 cicant,
2160 2189 2220 2264 sed

697 2309 916 2411 wydemanni
941 2309 1097 2410 argutias
1121 2307 1345 2384 emolliebant
1370 2308 1499 2384 candor
1521 2309 1679 2408 generosi
1699 2309 1867 2407 pectoris,
1900 2308 2024 2385 lenitas
2044 2318 2080 2384 et
2101 2309 2219 2410 benig·

640 2467 642 2482 ·
696 2431 789 2506 nitas
814 2429 942 2519 animi,
966 2427 1121 2504 hilaritas
1142 2453 1183 2504 ac
1207 2427 1396 2517 festivitas,
1420 2428 1508 2504 adeo
1532 2437 1572 2504 ut
1593 2427 1699 2504 etiam
1721 2429 1783 2527 qui
1806 2429 1904 2505 facile
1928 2427 2221 2506 excandescebant

695 2547 795 2624 facile
825 2549 1011 2649 placabiles
1049 2555 1175 2624 essent.
1226 2548 1318 2626 Quis
1349 2548 1443 2624 enim
1476 2549 1570 2624 illius
1602 2547 1666 2622 viri
1690 2548 1844 2648 argutiae
1868 2549 1975 2626 etiam
2000 2549 2105 2649 paulo
2133 2573 2221 2624 mor·

695 2667 849 2744 dacicres
883 2692 953 2744 non
987 2692 1100 2767 aequo
1132 2676 1168 2744 et
1201 2667 1302 2744 hilari
1338 2669 1456 2744 animo
1488 2667 1627 2742 tulisset
1657 2667 1694 2742 in
1721 2690 1792 2766 quo
1813 2675 1948 2744 tantam
1972 2669 2221 2758 sinceritatem,

694 2786 923 2886 probitatem,
956 2786 1088 2876 fidam,
1119 2788 1352 2864 constantiam
1383 2788 1621 2864 admiraretur.
1672 2787 1746 2867 Qui
1774 2787 1974 2862 acutissima
2005 2787 2089 2864 vitia
2113 2787 2222 2864 aliem

695 2905 925 3006 perspiciebat
954 2929 1157 3004 erroresque
1186 2907 1353 2996 notabat,
1384 2907 1474 2984 ultro
1499 2907 1620 2984 iudicii
1645 2905 1859 2982 retentatam
1886 2907 2071 3006 mitigabat
2096 2908 2222 2984 honore

695 3025 879 3100 verborum
913 3049 957 3100 nc
990 3027 1076 3124 qaid
1100 3031 1156 3118 (ut
1181 3025 1258 3124 ipse
1288 3025 1441 3119 dicebat)
1467 3031 1613 3104 virorum
1643 3028 1851 3126 apropioram
1875 3027 1994 3102 tant
2017 3029 2221 3104 detruderet.

695 3143 877 3252 Praeterea
908 3143 988 3242 quia
1028 3152 1102 3220 erat
1135 3143 1181 3220 ad
1212 3144 1296 3220 alios
1322 3145 1552 3222 sublevandos
1576 3144 1802 3246 'lydemanno
1828 3146 1998 3244 paratior,
2024 3154 2065 3222 ut
2089 3171 2223 3246 semper

695 3287 817 3338 omnes
842 3261 1007 3340 adiuvare
1034 3287 1141 3362 quam
1167 3289 1380 3364 quemqnam
1404 3265 1539 3340 laedere
1560 3265 1688 3342 mallet.
1748 3265 1939 3340 Senserunt
1960 3265 2026 3342 hoc
2044 3267 2222 3367 discipuli,

695 3383 826 3483 quibus
859 3389 932 3458 erat
967 3383 1099 3460 omnia.
1159 3384 1350 3460 Senserunt
1387 3386 1516 3462 eruditi
1549 3392 1623 3462 tam
1662 3383 1845 3484 populares
1885 3409 1992 3484 quam
2029 3386 2221 3486 peregrini,

696 3524 846 3602 quorum
882 3499 999 3576 studia
1034 3501 1202 3592 excitare,
1238 3504 1400 3594 laudare,
1436 3503 1608 3581 celebrare
1643 3503 1794 3580 amabat.
1852 3504 1972 3580 Palam
2006 3503 2132 3604 Hugo,
2171 3505 2222 3578 vir

696 3619 958 3709 celeberrimus,
983 3621 1138 3698 laudavit
1161 3622 1332 3724 insignem
1357 3625 1576 3723 'i'ydamanni
1597 3625 1850 3700 humanitatem
1873 3632 1909 3699 et
1928 3624 2223 3723 eomitatemerga

697 3738 852 3814 eruditos
877 3741 1087 3830 Germanos,
1110 3741 1149 3816 in
1172 3766 1241 3841 qua
1261 3767 1298 3818 re
1324 3769 1509 3820 eumcum
1535 3745 1656 3820 Geelio
1680 3753 1799 3820 nostro
1821 3745 2091 3844 composuerim,
2116 3768 2222 3844 quam

697 3849 871 3958 peregrini
903 3881 1024 3934 omnes
1058 3859 1229 3935 incertum
1265 3861 1344 3960 plns
1377 3871 1533 3939 amarent
1569 3887 1614 3940 an
1649 3863 1912 3940 admirarentur.
1980 3864 2072 3942 Quis
2109 3863 2221 3962 'lyde-

697 4000 827 4054 manno
852 3975 916 4052 ubi
937 3977 1145 4056 calamitosis
1173 3979 1449 4058 subveniendum
1478 3991 1570 4060 esset
1596 3983 1763 4082 promtior
1785 3991 1821 4058 et
1845 3983 1891 4058 ad
1914 4005 2017 4082 opem
2043 3982 2223 4058 ferendam

699 4097 917 4197 expeditior?
949 4100 1026 4174 A‘ut
1055 4123 1093 4174 rc
1125 4107 1187 4175 ant
1218 4101 1359 4179 consilio
1393 4110 1456 4180 aut
1485 4103 1659 4178 scribendi
1684 4101 1930 4200 praelandique
1957 4125 2061 4201 opera
2089 4099 2223 4176 nemini

699 4239 856 4316 unquam
887 4217 998 4296 deluit
1025 4219 1083 4294 cni
1108 4221 1179 4296 ullo
1209 4219 1312 4296 modo
1339 4221 1454 4320 potuit
1479 4221 1652 4320 prodesse.
1702 4219 1794 4297 Quis
1820 4218 1971 4318 danique
1996 4219 2222 4318 'llydemanno

698 4337 909 4412 constantior
930 4345 966 4414 et
984 4340 1151 4439 propositi
1167 4341 1342 4416 tenacior?
1371 4341 1469 4416 Vixit
1487 4340 1702 4440 temporibus
1723 4336 1934 4414 turbulentis
1952 4347 1988 4414 et
2006 4335 2219 4439 periculosis.

697 4452 798 4528 Nihil
830 4453 863 4529 ei
894 4477 1049 4553 unquam
1070 4457 1146 4562 ,fuit
1176 4457 1305 4548 officio,
1337 4459 1429 4550 fide,
1455 4483 1567 4558 aequo
1597 4467 1633 4533 et
1655 4459 1747 4534 bono
1776 4455 1965 4556 antiquius.
2015 4457 2218 4556 Intrepidus

698 4571 786 4648 vidit
805 4570 922 4646 vultus
948 4571 1154 4652 instantium
1178 4584 1424 4674 tyrannorum,
1449 4578 1511 4677 qui
1533 4577 1659 4654 fortem
1685 4602 1725 4654 ac
1753 4585 1934 4656 strenuum
1964 4577 2078 4653 viium
2104 4584 2221 4652 mente

700 4688 810 4764 solida
833 4697 975 4787 quatere
998 4714 1068 4768 non
1094 4700 1292 4790 potuerunt.
1344 4694 1488 4770 Senserc
1511 4695 1624 4786 Galli,
1655 4697 1717 4796 qui
1739 4698 2009 4772 Univeraitatem
2033 4697 2222 4774 Frisiorum

699 4811 850 4886 evertere
880 4808 1086 4907 gestiebant.
1147 4811 1292 4887 Sensere
1321 4813 1384 4888 viri
1417 4815 1648 4912 potentissimi
1673 4817 1709 4890 in
1732 4814 1844 4914 patria
1869 4815 2048 4906 liberata,¹
2070 4839 2220 4914 quorum
