4930 6176
890 671 1166 740 ostatu.
1766 675 1785 740 9

313 879 468 958 Multum
496 880 595 954 abest
631 887 671 952 ut
703 878 865 976 equidem
889 902 1006 952 eorum
1032 879 1172 977 agmina
1197 901 1375 977 superesse
1402 879 1502 954 velim
1528 906 1676 979 quorum
1702 881 1785 956 vitio

263 997 393 1072 lectum
428 1007 481 1072 est
514 1005 555 1071 ut
587 997 760 1096 quidquid
790 1006 842 1070 est
871 997 1051 1071 hominurn
1082 997 1273 1071 acutiorum
1301 1007 1336 1070 ct
1359 998 1608 1098 elegantiorum
1631 1003 1785 1077 fastidire

264 1141 305 1192 ca
330 1116 506 1216 coeperint
531 1141 619 1214 quae
648 1125 770 1214 suapte
795 1126 918 1190 natura
943 1116 1093 1191 maxime
1119 1116 1416 1216 elegantissimum
1446 1144 1619 1220 quemque
1647 1131 1682 1194 et
1704 1145 1785 1196 acu·

266 1236 440 1310 tissimum
466 1260 586 1334 capere
612 1261 653 1310 ao
679 1245 794 1309 tenere
820 1235 995 1310 deberent.

247 1447 249 1452 ι
313 1355 434 1428 Dicam
469 1355 587 1454 paucis
621 1381 660 1429 ac
693 1355 818 1428 diserte
847 1355 931 1452 quid
963 1355 1119 1428 sentiam.
1171 1354 1280 1426 Utin
1305 1355 1448 1428 caeteris
1473 1355 1637 1429 omnibus
1663 1358 1788 1446 rebus,

266 1475 311 1548 de
345 1475 475 1571 quibus
508 1475 572 1548 hoo
608 1475 743 1548 saeculo
779 1475 908 1548 cordati
941 1474 1096 1546 homines
1131 1473 1282 1546 adversis
1314 1473 1486 1547 frontibus
1515 1487 1723 1550 concurrunt
1753 1486 1789 1550 et

266 1595 483 1691 antiquitatis
518 1592 741 1664 admiratores
771 1618 852 1664 cum
885 1593 1096 1666 amatoribus
1129 1593 1290 1665 novitatis
1322 1592 1543 1690 depugnant,
1581 1596 1628 1669 sic
1654 1596 1691 1670 in
1714 1595 1788 1670 Lit-
1911 1693 1912 1696 Ἴ

254 1721 416 1786 ‘terarum
449 1709 573 1782 studiis
604 1709 790 1807 aliquando
819 1735 886 1806 pax
920 1734 1030 1805 aequa
1066 1718 1101 1781 et
1133 1711 1265 1782 stabilis
1294 1711 1419 1806 poterit
1448 1713 1616 1810 componi
1667 1715 1790 1814 Longa

266 1830 341 1903 dies
371 1827 508 1903 docebit
537 1851 605 1902 noo
633 1853 708 1901 asse
736 1828 812 1900 illas
839 1852 893 1900 res
925 1827 1176 1912 dissociabiles¹
1211 1851 1299 1925 quae
1334 1853 1427 1902 nuuc
1451 1841 1618 1928 perpetuo
1639 1831 1729 1907 inter
1754 1857 1791 1908 se

266 1958 484 2050 pugnaturae
523 1972 598 2022 esse
637 1947 808 2021 videntur.
860 1947 992 2045 Magna
1022 1971 1076 2019 me
1106 1971 1184 2045 spes
1208 1955 1303 2018 tenet
1328 1947 1515 2043 aliquando
1546 1947 1638 2035 lore,
1679 1959 1720 2022 ut
1754 1951 1790 2024 in

265 2067 503 2144 controversiis
530 2067 573 2141 de
594 2067 759 2166 religione
782 2075 817 2141 et
842 2067 963 2152 sacris,
997 2065 1040 2138 de
1065 2065 1272 2162 reipublicae
1297 2064 1615 2155 administratione,
1647 2067 1690 2141 de
1717 2094 1789 2143 orn·

267 2190 389 2277 uibus,
416 2187 545 2287 quibus
571 2187 744 2261 humanae
758 2185 929 2260 societatis
951 2184 1149 2258 solicitasse
1165 2183 1257 2257 salus
1275 2183 1491 2272 continetur,
1506 2211 1626 2259 omnes
1638 2187 1794 2261 acerrimi

266 2306 466 2396 bellatores,
504 2308 566 2406 qui
606 2316 701 2393 sunt
720 2306 827 2379 lermc
863 2304 987 2377 mentis
1021 2305 1135 2402 vigore
1166 2314 1200 2376 et
1233 2303 1391 2376 acumine
1430 2313 1464 2376 et
1496 2306 1654 2402 generosi
1685 2306 1790 2380 animi

267 2429 460 2504 constantia
494 2427 672 2500 hominum
709 2424 850 2522 optimi,
887 2449 969 2521 pace
1007 2423 1195 2521 composita
1229 2422 1367 2496 dextras
1403 2423 1560 2522 iungant.
1612 2425 1804 2499 Ponentur.

268 2547 453 2644 aliquando
486 2569 581 2618 arma
615 2542 676 2616 ubi
701 2542 808 2615 semel
832 2542 896 2614 crit
922 2540 1134 2614 intellectum
1161 2541 1354 2615 aliudesse
1379 2542 1414 2616 in
1440 2569 1578 2641 quaque
1602 2569 1638 2617 re
1661 2544 1788 2643 prima·

265 2665 357 2740 rium
402 2673 437 2738 et
479 2663 580 2738 unice
624 2661 867 2748 retinendum,
905 2660 1000 2734 aliud
1036 2659 1277 2756 secundarium
1311 2669 1347 2733 et
1383 2686 1656 2760 supervacuum,
1690 2663 1789 2736 ouius

265 2785 398 2859 iactura
430 2782 586 2858 iacienda
619 2781 664 2854 sit
697 2789 737 2852 ut
765 2781 829 2854 llos
861 2789 896 2854 et
932 2779 1036 2854 robur
1068 2779 1249 2852 hominurn
1277 2780 1538 2876 prudentiorum
1564 2781 1731 2854 coalescat
1754 2782 1790 2856 in

267 2928 376 2978 unum
403 2913 439 2977 et
467 2903 576 2976 amice
600 2900 783 2998 conspiret.

315 3025 359 3096 ln
395 3047 436 3097 ee
470 3019 699 3096 controversie
733 3043 823 3116 quae
857 3027 909 3091 est
940 3018 983 3090 de
1014 3017 1223 3089 Litterarum
1257 3024 1411 3088 veterum
1440 3015 1565 3088 studiis
1593 3041 1634 3089 eo
1657 3017 1791 3092 lucilius

270 3131 337 3239 perr
366 3139 492 3240 poterit
513 3135 694 3214 convenire
719 3145 754 3207 et
780 3159 820 3207 eo
841 3134 943 3207 citius
967 3133 1139 3207 constabit
1162 3135 1291 3232 optime
1317 3135 1502 3208 consociari
1528 3161 1628 3233 posse
1653 3161 1710 3210 eas
1735 3163 1790 3210 res

269 3283 359 3356 quae
383 3266 505 3331 natura
528 3253 760 3328 dissociabiles
779 3277 853 3326 esse
881 3264 1068 3351 putantur,
1094 3253 1257 3350 quoniam
1286 3255 1372 3327 illud
1396 3265 1566 3328 certarnen
1589 3256 1678 3328 inter
1701 3256 1791 3331 solos

268 3377 421 3452 eruditos
451 3385 486 3450 et
520 3375 687 3447 litteratos
711 3372 869 3446 homines
895 3372 1010 3470 agitur
1032 3397 1145 3470 oeque
1169 3373 1277 3446 caecis
1300 3373 1395 3470 vulgi
1417 3373 1567 3472 imperiti
1591 3373 1789 3472 cupiditati·

269 3498 336 3572 bus
359 3496 466 3571 animi
487 3494 675 3568 irritantur

319 3616 517 3690 Videndum
552 3613 616 3686 erit
645 3610 731 3709 quid
760 3612 804 3684 sit
834 3611 869 3684 in
899 3611 1040 3684 Litteris
1070 3612 1223 3708 antiquis
1253 3610 1474 3710 primarium,
1509 3612 1596 3709 quid
1627 3638 1696 3686 non
1726 3613 1789 3700 sit,

271 3735 355 3834 quid
376 3736 421 3808 sit
441 3731 669 3808 necessarium
692 3739 727 3804 et
752 3730 904 3816 salubre,
926 3730 1011 3828 quid
1031 3731 1151 3828 seponi
1169 3731 1254 3804 citra
1269 3731 1434 3803 damnum
1457 3730 1655 3830 negligique
1676 3733 1786 3806 liceat.

321 3855 432 3927 Nemo
458 3854 548 3926 dicet
574 3849 719 3948 eosqui
745 3849 779 3922 in
805 3849 1014 3923 Litterarum
1042 3861 1194 3922 veterum
1221 3850 1346 3922 studiis
1372 3850 1459 3922 vitae
1484 3850 1704 3924 tabernacula
1727 3876 1787 3949 po-

272 3985 416 4047 suerunt
439 3970 614 4071 quamde
637 3981 749 4043 vetere
774 3968 968 4066 principatu
992 3970 1135 4042 mutatis
1161 3969 1374 4066 temporibus
1396 3969 1521 4067 depelli
1546 3970 1658 4067 coepti
1673 3979 1787 4043 essent

272 4117 347 4166 eam
380 4117 453 4166 rcrn
486 4091 605 4165 tulisse
629 4088 827 4164 iracundius
851 4100 912 4162 sut
936 4087 1043 4161 stulta
1064 4087 1257 4185 stolidoque
1280 4088 1466 4186 pertinacia
1489 4088 1572 4162 alias
1602 4088 1672 4162 vias
1701 4088 1787 4160 inire
1852 4072 1858 4082 ’

273 4211 465 4286 nolentibus
488 4210 672 4284 obstitisse.

324 4331 492 4428 Equidem
514 4329 600 4404 milri
618 4327 724 4428 probe
737 4351 813 4400 sum
832 4325 988 4399 conscius
1008 4348 1199 4422 numquam
1220 4350 1280 4422 per
1298 4324 1522 4411 mestetisse,
1538 4349 1608 4422 quo
1620 4323 1736 4398 miuus
1748 4325 1786 4398 id
1904 4371 1906 4374 -

275 4450 368 4548 quod
392 4460 525 4524 mutata
545 4473 658 4522 rerum
691 4457 954 4545 temporumque
981 4444 1067 4517 ratio
1090 4445 1301 4542 postularet,
1325 4443 1483 4516 lubenter
1508 4444 1761 4518 concederetur.

323 4571 545 4666 Quamquam
572 4567 659 4640 mihi
684 4566 790 4640 animi
811 4563 1037 4638 constantiam
1064 4573 1099 4635 et
1124 4561 1341 4636 tenacitatem
1365 4563 1529 4661 propositi
1565 4587 1633 4636 non
1666 4563 1785 4635 deesse

275 4688 404 4774 sentio,
432 4698 549 4762 tamen
576 4710 766 4783 numquam
789 4683 910 4757 induri
932 4682 967 4754 in
993 4680 1147 4755 animum
1173 4681 1340 4780 impedire
1365 4705 1576 4782 quemqnam
1598 4679 1785 4779 quominus

275 4817 432 4882 naturam
463 4829 562 4880 suam
590 4811 790 4900 sequeretur
822 4811 857 4874 et
883 4825 1006 4876 novam
1039 4800 1105 4874 sibi
1138 4801 1225 4876 viam
1250 4801 1385 4892 laceret.
1436 4801 1534 4874 Nihil
1561 4825 1727 4902 umquam
1748 4799 1784 4874 in

1595 4923 1616 4992 2
