4908 6174
627 730 630 737 f
732 675 930 744 SERIES
965 677 1293 766 Lucrrouurr.
1709 685 1773 752 105

350 880 625 955 Stereometriam
651 892 687 955 et
709 883 1017 982 Trigonometriam
1039 885 1249 985 sphaericam
1271 886 1428 976 docebit,
1454 887 1578 964 diebus

398 1001 523 1074 Martis
555 1011 591 1076 et
624 1003 715 1076 lovis
727 1059 1575 1091 ........................
1583 1008 1770 1085 horaVIII.

351 1119 614 1194 Arithmeticam
658 1122 905 1210 universalem,
954 1124 1023 1196 sive
1062 1121 1249 1220 Algebram
1284 1126 1418 1219 tradet,
1455 1127 1579 1204 diebus

400 1239 565 1312 Mercurii
590 1249 625 1313 et
648 1239 792 1315 Veneris
803 1295 1578 1329 ......................
1661 1249 1774 1338 VIII,

432 1367 484 1432 .et
509 1357 566 1431 die
588 1358 680 1432 lovis
691 1418 1578 1448 .........................
1706 1367 1772 1443 lx

355 1475 488 1550 Calculi
512 1478 696 1576 Integralis
718 1489 853 1578 partem
880 1481 1090 1579 superiorem
1114 1490 1150 1555 et
1171 1481 1411 1559 Mechanicam
1435 1484 1580 1583 analyti-

402 1621 479 1670 cam
506 1597 684 1684 tractabit,
711 1599 834 1674 dicbus
860 1601 984 1676 Martis
1008 1609 1043 1674 et
1065 1601 1230 1675 Mercurii
1240 1657 1577 1690 ..........
1603 1604 1660 1680 IX
1676 1615 1711 1680 ct
1726 1606 1773 1684 X.

355 1715 495 1790 Scholus
517 1717 769 1817 paedagogicas
796 1719 960 1810 babebit,
988 1720 1044 1794 die
1069 1721 1208 1810 Lunae,
1235 1721 1319 1798 hora
1340 1723 1531 1800 commoda.

254 1847 288 1908 F.
309 1847 453 1907 KAISIR
473 1838 728 1912 Astrouomiam
748 1839 970 1914 theoreticam
990 1840 1125 1929 tradet,
1140 1841 1264 1915 diebus
1278 1843 1416 1933 Lunae,
1435 1844 1578 1934 Martis,

305 1955 470 2029 Mercurii
496 1967 532 2030 et
557 1957 649 2030 lovis
662 2015 1577 2044 ..........................
1705 1963 1772 2039 ΙΧ.

353 2075 608 2149 Astrouomiam
642 2077 851 2174 practicam,
883 2078 1006 2152 iisdem
1034 2077 1159 2152 diebus
1167 2133 1578 2168 ............
1726 2083 1772 2159 X

353 2194 630 2282 Astrouomiam,
655 2221 760 2294 quam
785 2197 985 2295 popularem
1012 2204 1151 2286 vocant,
1177 2198 1289 2272 tradet
1307 2197 1582 2290 diebuaethoris

404 2313 619 2387 aduitoribus
646 2317 847 2390 commedio.

354 2433 449 2507 Artis
470 2433 677 2509 observandi
703 2435 873 2510 exercitiis
901 2435 1055 2534 quotidie
1076 2435 1234 2535 praeirit.

255 2561 289 2622 P.
310 2561 345 2622 1..
367 2561 484 2622 RIJKE
518 2553 700 2650 Physicam
739 2554 1042 2653 experimentalem
1081 2555 1236 2644 docebit,
1274 2554 1398 2629 diebus
1439 2555 1579 2645 Lunae,

303 2669 450 2758 Martis,
478 2672 665 2762 Mercurii,
690 2673 783 2748 Iovis
810 2681 845 2748 et
867 2673 1012 2748 Veneris
1022 2729 1578 2764 ................
1687 2673 1775 2748 ΧΠ.

354 2791 409 2865 Do
429 2789 595 2889 Physices
613 2793 784 2892 capitibus
806 2794 940 2868 selectis
958 2793 1061 2868 latius
1081 2801 1115 2868 et
1135 2793 1246 2868 fusius
1264 2793 1430 2884 disseret,
1455 2793 1580 2869 diebus

401 2911 522 2986 Lunae
564 2919 599 2986 et
635 2913 799 2988 Mercurii
808 2969 1580 3002 ......................
1728 2911 1801 2989 X.

353 3029 538 3128 Physicam
564 3031 844 3108 mathematicam
867 3033 1003 3121 tradet,
1029 3031 1153 3106 diebus
1178 3029 1304 3106 Martis
1328 3039 1364 3106 et
1385 3033 1500 3120 Iovis,
1537 3083 1582 3106 ..
1704 3032 1774 3106 ΙΙΙ.

352 3150 636 3250 Meteorologiam
668 3161 816 3250 exponet
841 3153 897 3227 dic
922 3151 1014 3225 Iovis
1025 3207 1580 3238 ................
1727 3149 1774 3226 X.

353 3270 533 3344 Exercitiis
558 3271 709 3368 physicis
734 3271 891 3370 practicis
913 3271 1062 3369 praeerit
1088 3269 1253 3368 quotidie.

256 3397 634 3462 w.F.B.sUR1NGaR
668 3391 965 3490 Morphologiam,
1007 3388 1215 3464 anatomiam
1254 3398 1291 3463 et
1328 3387 1581 3488 physiologiam

308 3507 501 3604 plantarum
537 3523 707 3608 exponet,
741 3509 865 3584 diebus
897 3509 1082 3596 Mercurii,
1116 3507 1209 3581 Iovia
1237 3515 1273 3580 et
1305 3507 1469 3598 Veneris,
1496 3567 1504 3583 .
1533 3567 1578 3584 ..
1742 3509 1774 3586 I.

238 3644 243 3652 ·
354 3625 645 3726 Phytographlam
686 3638 722 3704 et
760 3629 991 3703 taxonomiam
1033 3629 1229 3726 plantarum
1261 3626 1419 3716 docebit,
1453 3626 1579 3702 diebus

401 3745 522 3821 Lunae
538 3758 574 3821 et
594 3748 718 3823 Martis
728 3800 1576 3838 ........................
1626 3746 1646 3820 I
1668 3753 1703 3822 et
1722 3747 1772 3822 ΙΙ.

450 3867 633 3966 (Tempore
654 3875 771 3942 autem
793 3867 936 3941 hiberno
960 3873 1097 3940 tautum
1122 3865 1205 3940 hora
1228 3865 1275 3957 Ι.)

355 3983 535 4060 Exercitiis
564 3987 722 4086 practicis
753 3987 789 4060 iu
824 3994 997 4060 abactam
1025 3985 1243 4084 plantarum,
1276 4009 1341 4084 ope
1367 3983 1581 4082 microscopii

400 4105 628 4203 exploranda,
663 4107 811 4207 praedrit
845 4117 999 4204 tempore
1035 4105 1198 4193 hiberno,
1238 4103 1363 4178 diebus
1394 4098 1515 4178 Lunae
1545 4110 1580 4178 at

401 4224 547 4314 Martis,
588 4278 1578 4305 ............................
1645 4221 1771 4300 II-IV.
1789 4323 1793 4330 Ι

351 4339 622 4417 Excursionibus
644 4345 811 4420 botaniois
830 4345 977 4445 praebrit
994 4354 1148 4444 tempore
1168 4343 1320 4430 aestivo,
1346 4341 1403 4416 die
1425 4341 1575 4416 Saturni.

256 4463 554 4532 ulimmeriano
576 4474 704 4546 HAAN.
726 4465 818 4541 Prof.
844 4465 1032 4551 extraord,
1058 4461 1291 4538 Geometriam
1315 4459 1522 4559 analyticam
1543 4469 1580 4534 et

305 4577 534 4654 Geometriam
569 4580 810 4681 descriptivam
840 4584 973 4671 tradet,
1008 4583 1163 4680 itemque
1197 4579 1378 4655 calculum
1416 4579 1577 4654 differen-

304 4693 420 4770 tislem
454 4705 490 4772 et
526 4699 659 4775 Calculi
691 4702 868 4802 integralis
899 4710 1032 4802 partem
1071 4699 1349 4790 elementariam,
1384 4698 1509 4774 diebus
1543 4706 1580 4774 et

303 4813 395 4890 boris
417 4815 543 4892 deiude
565 4821 828 4899 constituendis.

886 4977 1149 4990 -—-——-
1535 4943 1581 5013 14
