4930 6176
713 609 757 686 18
1292 604 1657 680 C.G.COBET

709 813 959 922 pomoquum
993 811 1066 892 sive
1101 813 1354 905 novissimum,
1388 837 1472 896 nnn
1505 811 1612 896 enm
1646 813 1713 894 lori
1745 821 1807 892 snt
1836 813 2002 914 ungeris
2032 810 2164 892 finibus
2192 811 2248 890 τὸ

711 936 1190 1152 “adieritiwtdioeduutiquitntis
1220 1051 1448 1132 admiratores
1472 1059 1510 1132 et
1529 1052 1694 1134 nevietn
1720 1057 1893 1134 emstores'
1915 1060 2012 1132 oerte
2035 1059 2071 1132 et
2099 1048 2243 1130 stubilis

708 1199 779 1276 nex
800 1174 983 1258 conveniet
1003 1180 1041 1254 et
1062 1195 1166 1256 omne
1189 1173 1276 1252 teret
1302 1179 1473 1274 peneum
1498 1172 1561 1274 qui
1586 1173 1637 1254 sie
1658 1172 1821 1252 misoebit
1842 1181 1957 1252 sotere
1979 1171 2091 1252 neuin

757 1531 909 1612 lbsuseo
930 1533 977 1610 ed
998 1531 1142 1610 ulterem
1162 1530 1267 1610 offim
1286 1531 1356 1610 mei
1378 1537 1515 1631 purtem
1539 1539 1580 1610 ur
1603 1557 1646 1612 ee
1665 1557 1933 1612 commemorem
1954 1557 2047 1633 quse
2070 1557 2129 1612 me
2148 1531 2239 1608 Ree·

639 1668 643 1674 '
706 1659 781 1732 tore
802 1651 1011 1732 Academiae
1034 1650 1387 1751 Lugdnno·Bstnvne
1412 1659 1475 1730 out
1495 1651 1585 1730 lueto
1607 1661 1670 1732 sut
1692 1653 1804 1733 tristis
1827 1660 2025 1732 evenerunt.

653 1871 655 1876 Ι
754 1774 799 1850 In
830 1779 944 1850 vestro
971 1771 1138 1870 eollegiu,
1169 1770 1401 1848 Illustrissimi
1425 1771 1633 1864 Curatores,
1655 1798 1820 1874 prospere
1843 1781 1879 1852 et
1901 1775 1993 1852 uere
2015 1771 2135 1852 omnis
2154 1768 2238 1848 lreti

705 1891 877 1968 uidemus.
927 1890 1080 1982 linietis,
1115 1889 1240 1991 vigetis
1269 1899 1306 1966 et
1340 1890 1595 1991 amplissimum
1633 1917 1764 1972 munus
1789 1894 1841 1972 ito
1867 1893 2060 1995 proeurntis
2083 1897 2126 1968 ut
2148 1889 2236 1968 nibil

707 2009 807 2088 subis
837 2009 1140 2100 honorificentius,
1171 2009 1259 2088 nibil
1283 2009 1386 2088 nobis
1410 2011 1563 2110 optetius
1590 2037 1668 2090 esse
1693 2015 1814 2114 possit.
1863 2015 2010 2092 Utinem
2034 2012 2121 2090 bueo
2145 2012 2234 2088 Aes·

706 2130 842 2208 desumo
870 2130 1214 2230 LugduneBetnsse
1240 2131 1345 2230 louge
1370 2139 1407 2204 et
1432 2131 1598 2208 diuturne
1623 2133 1672 2210 sit
1694 2133 1845 2212 leetitinl

754 2251 812 2328 nx
836 2257 949 2328 vestro
971 2274 1137 2339 numero,
1160 2249 1435 2328 eouiuuetissimi
1460 2251 1631 2352 colegno,
1656 2275 1768 2330 rmum
1793 2275 1886 2328 mure
1909 2251 2046 2351 repsit,
2072 2273 2145 2328 non
2168 2248 2232 2330 im·

703 2377 884 2448 moturum
921 2369 1020 2446 illum
1062 2369 1206 2468 quidem
1246 2370 1308 2446 sed
1349 2371 1486 2470 insigne
1519 2372 1732 2450 Academiae
1771 2371 1878 2446 denus
1917 2377 1954 2446 et
1990 2385 2233 2448 omsmenrum

701 2488 898 2568 Henrieum
931 2489 1161 2568 Guilielmnm
1196 2489 1389 2588 rydeman.
1448 2491 1558 2571 Quod
1586 2491 1674 2568 mihi
1700 2491 1776 2591 tege
1801 2489 2054 2591 pmesmiptum
2081 2489 2232 2568 offieium

702 2617 756 2692 est
788 2617 829 2686 ut
862 2609 992 2688 summi
1023 2609 1087 2686 vin·
1120 2609 1229 2688 vium
1261 2634 1301 2688 ue
1335 2608 1459 2688 merite
1487 2609 1701 2699 desuribum,
1727 2611 1766 2688 id
1789 2609 1898 2700 mibi,
1929 2635 1999 2686 non
2025 2609 2104 2688 dieo
2131 2631 2231 2709 grove

702 2735 767 2806 out
786 2728 1039 2819 iniucundum,
1065 2728 1128 2808 sed
1155 2727 1294 2804 difficile
1317 2729 1510 2806 admodum
1535 2739 1572 2804 et
1594 2731 1744 2808 arduum
1766 2730 1947 2828 negotium
1971 2738 2036 2808 est.
2088 2729 2230 2806 conus

700 2846 796 2922 enim
824 2845 916 2920 inter
943 2869 1064 2921 omnes
1095 2843 1164 2942 ipsi
1196 2845 1422 2942 Tydemenno
1444 2871 1522 2922 enm
1547 2871 1622 2922 rem
1644 2848 1863 2924 vehementer
1888 2849 2122 2948 displieuisse.
2163 2847 2228 2926 Pu·

701 2965 772 3042 lem
796 2963 997 3043 fastidiebut
1015 2963 1105 3045 illud
1126 2961 1300 3040 scribendi
1311 2987 1425 3063 ,genus
1439 2989 1509 3063 quo
1524 2965 1676 3042 virorum
1689 2965 1933 3046 excellentium
1946 2967 2112 3044 munibus
2127 2987 2229 3066 pune·

700 3084 859 3185 gyrioum
888 3085 926 3160 in
958 3084 1106 3162 modum
1140 3081 1244 3158 multi
1266 3085 1441 3182 parentari
1464 3085 1587 3162 solent.
1638 3087 1819 3162 Praetereo
1844 3086 1940 3166 subit
1964 3087 2053 3164 mihi
2073 3086 2230 3166 nnimum

700 3205 850 3284 termido
882 3205 1056 3305 queedsm
1082 3227 1154 3303 qno
1188 3211 1291 3302 puoto
1321 3211 1454 3282 vestem
1484 3212 1520 3280 et
1547 3205 1755 3305 stupendum
1788 3207 2019 3284 eruditionem
2053 3214 2172 3286 mente
2194 3211 2231 3282 el

702 3324 857 3406 erutione
885 3326 1094 3424 eompleeter
1124 3321 1219 3400 illius
1244 3323 1327 3413 viri,
1354 3325 1417 3422 qui
1444 3324 1538 3400 solus
1565 3325 1724 3402 omnium
1746 3350 1836 3425 quos
1858 3327 2009 3404 seium
2036 3351 2097 3427 per
2121 3347 2230 3404 eunus

702 3443 783 3544 plns
818 3465 925 3540 quum
956 3441 1136 3542 sexaginte
1166 3441 1373 3520 Professoris
1407 3443 1572 3522 ordinarii
1605 3469 1748 3522 munere
1773 3444 1915 3522 lunetus
1936 3447 2069 3524 nullam
2094 3451 2229 3544 purtem

704 3561 881 3641 doetrinae
911 3563 1128 3662 negligebat,
1164 3562 1226 3638 sed
1250 3588 1370 3642 omnes
1392 3589 1455 3665 per
1481 3565 1571 3642 vines
1593 3565 1727 3642 eunom
1750 3565 1907 3642 exeolens
1931 3565 2020 3642 nibil
2043 3587 2112 3640 non
2134 3559 2228 3662 quod

703 3681 783 3761 seiri
818 3689 936 3782 posset
968 3681 1163 3760 incredibili
1192 3682 1313 3760 sudore
1347 3690 1383 3760 et
1417 3683 1643 3762 diffusissims
1678 3684 1823 3762 lentiune
1861 3685 1935 3764 sine
1961 3681 2226 3778 ulleintermis·

704 3801 800 3880 sione
828 3801 948 3880 rimari
978 3801 1254 3902 perscruterique
1282 3813 1464 3880 consueret
1489 3813 1524 3880 et
1547 3804 1720 3882 humsnee
1743 3804 1905 3884 soieutine
1930 3805 2018 3884 nihil
2044 3820 2067 3882 n·
2089 3828 2126 3880 se
2148 3801 2227 3878 ulie·

706 3945 793 3998 num
815 3928 945 4021 puteos
968 3920 1109 4020 viteque
1130 3921 1177 4000 ed
1200 3929 1389 4000 extremum
1412 3930 1627 4002 senectutem
1648 3947 1795 4023 esmque
1817 3933 1980 4027 segetum¹
1995 3931 2031 4000 et
2049 3943 2227 4024 operossm

705 4042 875 4142 products
894 4041 1008 4120 indm
1025 4047 1099 4130 est,
1124 4047 1165 4118 ut
1187 4041 1317 4118 Greeee
1340 4041 1474 4132 deum,
1498 4041 1786 4141 παπιιδήμων,
1809 4046 1919 4124 idest
1939 4045 2097 4122 omnium
2112 4063 2227 4118 rerum

706 4185 837 4260 gnerus
874 4168 910 4240 et
947 4161 1091 4261 peritus.
1160 4161 1304 4238 Sumam
1338 4161 1384 4238 nb
1417 4162 1493 4262 ipso
1530 4165 1730 4264 exemplum
1770 4165 1866 4264 qnod
1905 4190 2040 4265 sequar.
2104 4163 2228 4241 Quum

707 4303 814 4356 senex
844 4280 1034 4360 admodum
1064 4280 1189 4358 veteris
1222 4280 1324 4358 nmini
1359 4281 1543 4381 Treslingii
1571 4282 1678 4362 vitum
1707 4283 1871 4360 scriberet
1895 4285 1996 4362 unire
2018 4309 2056 4360 se
2081 4279 2228 4384 prebere

550 4459 552 4466 -
687 4399 797 4512 *dine
827 4400 932 4478 serbe
961 4400 1183 4478 Ruhnkeuii:
1220 4399 1300 4478 nebi
1325 4399 1441 4478 dieeut
1463 4427 1570 4502 quem
1597 4425 1761 4493 uxorem,
1785 4429 1874 4504 quos
1895 4403 2021 4482 liberos
2042 4399 2226 4487 hebuerit,

709 4529 774 4596 utu
808 4519 910 4598 nobis
944 4521 1095 4624 effigiem
1124 4519 1258 4620 ingenii
1289 4528 1326 4596 ot
1352 4519 1530 4600 doetrim
1550 4547 1747 4623 expressum
1772 4524 1872 4600 debis
1896 4547 2001 4623 quam
2025 4521 2228 4596 intueantur

710 4639 902 4718 abonorum
933 4641 1062 4718 entium
1098 4640 1281 4718 studiosi.”
1330 4639 1448 4720 Vitem
1482 4643 1700 4742 Tydemsnni
1732 4643 1901 4742 privatam
1935 4648 1971 4718 et
2000 4637 2228 4714 domesticum

706 4759 823 4843 dieunt
855 4757 934 4836 uliir
968 4784 1035 4858 ego
1064 4760 1284 4860 'lbdemnuei
1306 4761 1517 4862 imaginem,
1540 4762 1655 4862 qualis
1677 4761 1795 4836 enimn
1820 4784 1899 4838 meo
1922 4760 2143 4847 obversetur,
2168 4779 2228 4832 ex·
