4908 6174
711 743 715 750 .
785 681 977 746 sarias
1012 679 1339 782 anorronun.
1777 677 1823 752 oe

408 890 562 963 Primam
574 887 874 964 Samuelialilrmm
889 887 1040 964 cursoria
1051 889 1195 964 lectione
1209 888 1389 976 tractabit,
1415 888 1471 962 dic
1484 889 1626 976 Lunae,
1660 886 1741 971 bora
1784 887 1824 975 I,

498 1017 535 1082 et
558 1007 615 1082 die
638 1007 730 1080 Iovis
741 1060 1622 1093 .........................
1734 1005 1819 1082 Xll.

404 1127 640 1226 Antiquitates
660 1125 895 1202 lsraiilitarnm
917 1127 1121 1226 explicabit,
1147 1127 1271 1204 diebus
1288 1128 1425 1214 Lunae,
1451 1127 1576 1206 Martia
1593 1135 1628 1205 et

449 1245 630 1332 Mercurii,
665 1299 1620 1324 ...........................
1729 1245 1814 1325 XJl.

403 1365 670 1442 Grammatieam
707 1366 920 1442 Samaritam
953 1365 1108 1454 docebit,
1144 1365 1200 1440 die
1230 1373 1266 1442 et
1292 1365 1384 1442 horis
1408 1363 1626 1448 audeantur

386 1543 390 1552 .
453 1486 652 1562 commodis.

304 1621 330 1681 1.
352 1621 393 1681 Η.
412 1615 616 1682 STUFFKEN
641 1605 806 1706 logicam
831 1605 962 1694 tradet,
989 1606 1044 1680 dic
1072 1605 1216 1697 Martia,
1252 1663 1624 1680 ...........
1781 1603 1820 1688 Ι,

498 1737 534 1800 et
566 1725 691 1800 diebus
724 1725 816 1800 Iovis
849 1734 886 1800 et
914 1725 1054 1802 Veneris
1063 1779 1626 1813 ................
1751 1721 1817 1801 xl.

406 1845 679 1946 Metaphysicem
707 1845 862 1932 docebit,
897 1844 1020 1919 diebus
1045 1845 1169 1919 Martis
1195 1853 1231 1918 et
1258 1844 1424 1922 Mercurii
1433 1900 1621 1932 ......
1770 1840 1814 1919 X.

403 1967 594 2041 Historiam
618 1965 858 2064 Philosophiae
883 1965 1089 2064 explicabit,
1115 1964 1238 2040 diebus
1259 1964 1379 2038 Lunae
1402 1972 1437 2038 et
1462 1963 1573 2052 Iovis,
1589 2021 1621 2038 ..
1730 1961 1816 2038 XII.

250 2081 252 2086 ’
403 2086 678 2186 Paedagogicam
715 2094 881 2185 exponet,
918 2084 1042 2160 diebus
1080 2095 1115 2159 et
1157 2084 1248 2160 horis
1280 2082 1496 2160 auditoribus
1530 2107 1623 2158 corn·

452 2207 573 2280 modis.

308 2338 345 2398 lt
364 2336 396 2396 P.
417 2339 453 2396 u.
474 2335 577 2395 Dozr
608 2324 797 2399 Historiam
833 2325 1058 2402 universalem
1090 2324 1294 2424 explicabit,
1328 2324 1453 2402 diebus
1482 2323 1624 2412 Lunae,

355 2443 480 2518 Martia
506 2453 541 2518 et
567 2444 731 2518 Mercurii
741 2499 1622 2530 .........................
1751 2439 1816 2514 ΧΙ.

404 2562 526 2638 Varios
559 2565 650 2638 locos
680 2563 841 2638 historiae
868 2565 943 2638 aevi
967 2563 1071 2640 medii
1094 2573 1130 2638 ct
1155 2563 1315 2642 historiae
1340 2563 1537 2642 recentioris
1563 2588 1620 2638 ex·

452 2691 578 2781 ponet,
612 2683 736 2758 diebus
763 2683 883 2758 Lunae
908 2694 942 2758 et
967 2685 1132 2759 Mercurii
1141 2739 1622 2772 ..............
1789 2679 1818 2754 Ι.

406 2803 539 2877 Literas
561 2803 747 2892 Arabicas,
779 2803 982 2879 Chaldaicos
1004 2812 1039 2878 et
1065 2804 1220 2904 Syriacas
1242 2804 1397 2892 docebit,
1432 2803 1488 2877 die
1512 2802 1624 2891 Iovis,
1667 2801 1686 2874 Ι
1704 2807 1740 2875 et
1760 2798 1818 2884 ll,

498 2933 535 2998 et
569 2922 625 2998 die
661 2923 804 2998 Veneria
813 2981 1222 3011 ............
1232 2927 1234 2932 ’
1251 2979 1625 3002 ...........
1771 2919 1820 2992 ΙΙ.

406 3042 619 3138 Scriptorum
642 3043 867 3118 Arabicorum
894 3044 984 3119 locos
1010 3045 1152 3120 selectos
1176 3043 1476 3144 interpretabitur,
1503 3041 1627 3117 diebus
1771 3059 1773 3066 ‘

453 3162 574 3236 Lunae
613 3171 648 3238 et
686 3164 809 3238 Martis
819 3218 1627 3252 .......................
1772 3157 1820 3230 ΙΙ.

308 3290 351 3352 lt
372 3291 424 3352 Dlt
444 3293 558 3353 vultis
578 3282 752 3382 Linguam
765 3284 968 3382 Literesque
980 3285 1107 3386 patrias
1122 3285 1325 3386 explicabit,
1350 3284 1474 3358 diebus
1486 3281 1627 3370 Lunae,

357 3401 481 3475 Martia
506 3410 542 3474 et
567 3403 731 3477 Mercurii
742 3458 1622 3492 .........................
1771 3396 1818 3468 ΙΙ.

406 3520 577 3620 Linguam
613 3521 815 3622 Literaeque
852 3523 978 3626 patrias
1013 3525 1118 3600 medii
1153 3524 1227 3600 aevi
1261 3521 1466 3638 explicabit,
1503 3519 1628 3595 diebus

454 3641 575 3716 Martie
607 3651 643 3717 et
675 3643 767 3718 lovis
775 3700 1623 3732 ........................
1752 3635 1820 3707 ΙΙΙ-

408 3761 577 3861 Linguam
616 3764 818 3864 Literasque
855 3765 982 3864 patrias
1019 3764 1146 3840 saeculi
1182 3764 1289 3838 XVIl
1326 3761 1533 3864 explicabit,
1570 3758 1627 3834 die

452 3880 596 3968 Martis,
635 3938 1624 3960 ............................
1793 3876 1820 3948 Ι.

385 3999 458 4073 -Dc
492 3999 612 4100 lingua
642 4001 752 4102 patria
783 4027 868 4101 pure
898 4011 933 4076 et
966 4004 1141 4102 eleganter
1169 4003 1349 4079 scribenda
1374 4011 1474 4102 aget,
1499 3999 1628 4077 additia

452 4121 623 4195 exercitiis
652 4122 828 4220 practicis,
854 4121 947 4195 horis
973 4133 1091 4222 postea
1115 4121 1376 4198 constituendis.

404 4237 606 4314 Carmicum
635 4242 740 4316 medii
774 4242 848 4316 aevi
879 4241 1195 4342 interpretationem
1220 4244 1374 4318 criticam
1398 4236 1624 4338 provectiores

451 4359 609 4448 docebit,
635 4361 691 4436 die
716 4362 841 4436 Martis
852 4408 1623 4450 ......................
1715 4349 1818 4426 Vlll·

405 4478 575 4580 Linguam
608 4481 791 4557 Gothicam
824 4482 955 4572 tradat,
988 4481 1045 4558 die
1079 4481 1172 4556 Iovia
1180 4529 1625 4570 .............
1783 4469 1821 4554 Ῑ,

498 4608 533 4674 et
565 4599 730 4690 Veneris,
773 4649 1620 4677 ........................
1747 4587 1816 4660 ΙΙΙ·

401 4717 572 4818 Linguam
596 4722 933 4821 hagio-Saxonicam
962 4729 998 4796 et
1019 4720 1179 4794 Veterem
1202 4719 1366 4793 Ilrisicam
1394 4713 1525 4802 tradet,
1548 4709 1619 4784 die·

450 4837 516 4915 bus
538 4849 574 4915 et
593 4841 686 4916 horis
710 4841 926 4917 auditoribus
947 4839 1146 4916 commodis.
1604 4889 1677 5020 13..
