4930 6176
851 683 1132 757 ORATIO.
1711 691 1756 757 rt

235 895 426 997 proprietas
441 894 569 971 amissa
582 899 646 969 est.
683 891 831 968 Videtur
850 891 919 968 sibi
938 894 1111 995 Iosephus
1132 895 1263 995 optime
1282 897 1413 972 Graece
1431 895 1517 972 sciro
1535 902 1572 972 et
1590 895 1757 988 acribus,

236 1026 272 1094 et
289 1023 331 1090 nt
353 1022 407 1090 est
430 1014 534 1090 bomo
563 1012 681 1088 vanior
710 1035 788 1086 eam
813 1012 851 1086 in
884 1037 921 1088 se
951 1012 1152 1089 facultatem
1177 1039 1253 1090 esse
1276 1015 1392 1115 palam
1418 1015 1547 1108 iactat,
1568 1017 1637 1093 nisi
1662 1017 1758 1118 quod

236 1159 273 1212 ae
310 1141 416 1235 negat
457 1135 630 1211 Iudaeum
669 1132 845 1208 bominem
882 1154 1008 1208 sonum
1041 1135 1193 1210 Graecae
1225 1135 1365 1234 linguae
1399 1143 1454 1212 sat
1486 1137 1667 1214 commode
1700 1163 1759 1214 ore

234 1255 385 1332 rotundo
416 1253 535 1330 efferre
568 1248 698 1354 posses
730 1251 962 1327 Vehementer
997 1252 1137 1331 fallitur.
1187 1255 1269 1330 Nou
1299 1262 1352 1330 est
1383 1253 1467 1332 baec
1492 1259 1624 1334 Graeca
1649 1259 1759 1334 oratio

235 1399 277 1451 ex
300 1375 433 1452 lacinfis
452 1382 608 1451 veterum
627 1373 702 1450 sine
722 1378 815 1460 arte,
844 1371 918 1446 sine
940 1373 1096 1462 delectu,
1118 1381 1280 1450 contexta
1301 1374 1496 1452 intertextis
1512 1375 1620 1452 veluti
1633 1377 1759 1477 pannis

238 1494 455 1570 decoloribus
478 1519 520 1568 ex
545 1493 744 1591 aequalium
767 1500 802 1565 et
825 1491 1064 1566 Romanorum
1085 1493 1255 1569 sordibus.

286 1615 352 1688 Est
385 1612 451 1687 hoc
486 1611 774 1709 exquisitissimae
806 1609 933 1707 cuique
963 1610 1103 1710 linguae
1136 1615 1313 1713 proprium
1335 1621 1376 1689 ut
1399 1621 1535 1713 practer
1558 1616 1761 1716 populares,

238 1735 300 1832 qui
331 1733 368 1806 in
401 1733 477 1806 ains
505 1753 573 1804 usu
594 1729 706 1803 innati
727 1728 959 1826 innutritique
990 1729 1080 1818 sint,
1110 1752 1214 1806 nemo
1238 1757 1406 1832 umquam
1431 1734 1595 1809 ommium
1624 1761 1663 1811 aa
1691 1735 1762 1810 sin·

237 1854 390 1952 gulsrem
427 1849 504 1924 eius
538 1848 738 1924 facultatem
774 1847 933 1923 imbibat.
992 1849 1107 1923 Nemo
1142 1873 1312 1949 umquem
1336 1857 1433 1927 erbe
1455 1853 1635 1929 Graeciam
1659 1861 1763 1930 nctus

238 1973 368 2048 Graece
404 1971 540 2070 scripsit
575 1969 670 2069 quod
705 1975 797 2044 esset
830 1967 923 2042 lectu
959 1967 1117 2067 dignum.
1178 1970 1259 2044 Non
1298 1970 1420 2069 loquor
1459 1970 1504 2046 de
1543 1971 1587 2046 iis
1625 1973 1687 2072 qui
1725 1974 1763 2048 in

237 2093 419 2192 Aegypto,
444 2091 480 2164 in
503 2089 622 2190 Syria,
647 2089 684 2163 in
705 2087 901 2163 Palaestina
918 2088 1049 2161 Graece
1066 2086 1308 2164 balbutiebant
1324 2090 1435 2189 magis
1451 2115 1556 2189 quam
1573 2093 1763 2191 loqueban-

237 2219 306 2287 tur.
356 2213 473 2286 Nemo
499 2211 681 2284 Romania
708 2232 876 2308 umquam
902 2207 1033 2305 optime
1057 2207 1188 2282 Graece
1213 2216 1275 2284 ant
1299 2209 1436 2283 locutus
1463 2216 1517 2284 est
1541 2217 1603 2285 sut
1627 2212 1764 2310 scripsit

111 2351 114 2357 ·
237 2331 371 2431 aliquid
391 2331 490 2430 qnod
510 2355 591 2406 cum
611 2329 837 2405 admiratione
860 2325 963 2426 legas.
1001 2326 1121 2400 Cicero
1140 2351 1251 2424 quum
1269 2329 1400 2404 Graece
1419 2328 1589 2428 scriptitat
1613 2329 1764 2429 graviter

238 2451 431 2551 impingere
454 2451 559 2536 solet,
584 2459 620 2522 et
631 2449 660 2522 si
679 2447 759 2546 quis
777 2472 820 2521 ex
841 2471 897 2520 me
920 2453 1098 2544 quaereret
1114 2471 1219 2544 quem
1233 2446 1434 2548 scriptorem
1454 2450 1627 2524 Graecum
1651 2471 1763 2524 unum

238 2571 394 2645 omnium
417 2567 670 2666 ineptissimum
691 2591 766 2641 asse
790 2565 1008 2655 existimem,
1023 2566 1210 2641 Aelianum
1234 2567 1500 2642 Praenestinum
1529 2567 1763 2660 nominarem,

237 2688 300 2788 qui
332 2685 512 2762 Romanus
544 2686 667 2774 homo,
701 2692 816 2784 spreto
843 2709 1000 2760 sermone
1019 2685 1131 2785 patrio
1153 2694 1189 2759 et
1212 2687 1350 2776 nativo,
1373 2690 1504 2762 Graece
1530 2689 1684 2763 oratione
1711 2689 1765 2763 uti

236 2807 361 2883 maluit
382 2829 492 2905 eaque
512 2813 585 2880 tam
606 2805 752 2882 molesta
771 2812 807 2878 et
828 2804 988 2880 affectata
1012 2811 1048 2879 et
1070 2803 1215 2902 putida,
1241 2811 1281 2878 ut
1305 2805 1338 2880 ei
1364 2829 1468 2880 nemo
1489 2807 1641 2904 palmam
1668 2807 1764 2882 stoli·

239 2929 360 3004 ditatis
379 2925 553 3026 eripuerit.

287 3046 479 3124 Mirabitur
504 3047 648 3120 fortasse
674 3045 801 3144 aliquis
826 3067 895 3143 quo
922 3049 1023 3142 pacto
1050 3043 1088 3116 id
1109 3043 1204 3141 quod
1228 3069 1250 3118 a
1273 3067 1331 3118 me
1354 3051 1427 3120 tam
1453 3045 1665 3120 confidenter
1686 3072 1765 3148 pro·

241 3167 423 3242 nuntietur
455 3164 612 3240 fefellerit
649 3173 811 3240 meteres.
861 3164 926 3236 Est
951 3186 1052 3238 caeca
1083 3161 1255 3261 quaedam
1281 3171 1318 3237 et
1343 3163 1519 3239 malesana
1546 3164 1765 3263 antiquitatis

241 3287 435 3374 veneratio,
474 3309 563 3384 quae
601 3284 656 3358 vel
687 3285 723 3359 in
759 3283 850 3359 clara
883 3283 960 3356 luce
992 3281 1080 3356 nibil
1113 3281 1287 3358 discernit.
1337 3282 1544 3358 studeamus
1579 3283 1767 3383 aliquando

239 3406 346 3482 buius
380 3428 519 3504 quoque
553 3403 806 3504 superstitionis
844 3401 989 3477 vinculis
1028 3401 1163 3476 animos
1200 3426 1240 3476 ae
1279 3408 1415 3476 mentes
1448 3401 1604 3478 liberare.
1665 3402 1765 3482 Quid

239 3533 292 3600 est
325 3524 482 3623 Diogene
510 3523 648 3598 laertio
680 3523 717 3596 in
748 3520 929 3598 scribendo
953 3519 1209 3618 iudicandoque
1233 3520 1446 3596 absurdius?
1484 3521 1582 3601 Quid
1605 3522 1764 3600 Maximo

241 3643 366 3742 Tyrio,
397 3641 607 3730 Themistio,
632 3642 792 3718 Himerio
824 3640 1028 3740 loquacius?
1074 3639 1173 3719 Quid
1197 3637 1415 3716 Philostratis
1435 3640 1628 3717 insulsius?
1666 3643 1765 3722 Quid

242 3763 381 3838 Iuliano
412 3762 633 3838 ndecutius?
669 3763 768 3843 Quid
802 3760 962 3860 Eunapio
994 3759 1191 3835 inficetius?
1238 3759 1336 3837 Quid
1370 3759 1594 3860 scriptoribus
1626 3761 1763 3837 creticis

242 3881 450 3971 Obaritone,
486 3879 718 3983 Xenophonte
750 3881 900 3981 Ephesio
935 3878 1147 3978 caetedsque
1163 3882 1165 3887 ’
1181 3879 1375 3978 puerilius?
1426 3880 1474 3953 Et
1508 3903 1554 3954 ne
1585 3879 1761 3956 Romarm

239 4001 342 4102 plane
371 4009 603 4102 praeteream,
628 4005 707 4103 quis
735 4011 789 4078 est
810 4001 973 4100 scriptor,
1003 4000 1107 4074 etiem
1131 4023 1250 4073 eorum
1280 3998 1342 4096 qui
1369 4021 1462 4074 nunc
1487 4005 1589 4088 sunt,
1613 3999 1763 4099 ineptior

240 4119 474 4220 tumidiorque
500 4147 603 4220 quarn
631 4131 692 4198 aut
715 4123 838 4197 Florus
861 4136 914 4196 est
945 4127 1007 4195 aut
1030 4119 1168 4193 liberio
1193 4119 1347 4218 aequalis
1375 4118 1533 4194 Valerius
1555 4117 1762 4194 Maximus?

290 4241 408 4320 Quam
430 4242 544 4317 iacent
560 4242 610 4317 illi
629 4269 750 4320 omnes
770 4267 851 4342 prae
870 4240 1002 4340 optimo
1022 4263 1162 4338 quoque
1179 4240 1356 4314 veterum?
1394 4240 1511 4316 Quam
1527 4237 1640 4312 iacent
1654 4238 1762 4314 iidem

242 4381 325 4458 prae
349 4361 481 4458 optimo
507 4387 645 4462 quoque
671 4387 790 4440 eorum
820 4385 908 4462 quos
935 4382 1046 4435 novus
1072 4359 1285 4434 saeculorum
1315 4358 1400 4433 ordo
1427 4380 1534 4433 novos
1557 4359 1712 4458 protulit.

291 4479 391 4557 Quid
425 4481 557 4580 igitur?
600 4483 811 4558 Tenebimus
844 4479 932 4556 illud
963 4478 1149 4554 Paulinum
1185 4478 1281 4574 quod
1313 4477 1349 4551 in
1382 4478 1478 4553 omni
1509 4477 1599 4554 vitae
1629 4479 1762 4555 ratione

242 4596 391 4696 sapienti
424 4599 495 4673 viro
528 4600 773 4700 dignissimum
805 4609 869 4675 est.
918 4597 1141 4695 Inquiramus
1177 4595 1215 4670 in
1239 4597 1356 4672 omnia
1385 4604 1422 4672 et
1445 4597 1540 4696 quod
1562 4598 1599 4672 in
1621 4623 1761 4699 quoque

241 4739 368 4816 genere
394 4719 606 4818 praeclarum
632 4733 685 4796 est
709 4718 946 4796 retinebimus.
1003 4717 1093 4791 Sunt
1119 4715 1230 4792 multa
1253 4723 1368 4792 vetere
1391 4717 1571 4820 perexigui
1597 4725 1659 4795 aut
1681 4719 1760 4795 nul·

241 4833 310 4910 lius
339 4840 517 4914 momenti.
563 4841 653 4916 Sunt
679 4865 767 4918 nora
791 4840 903 4916 multa
917 4837 1053 4916 eximia.
1082 4838 1139 4915 Tb
1150 4839 1272 4918 καλὸν
1283 4845 1488 4939 κατέχετε,
1513 4838 1587 4917 sive
1607 4847 1662 4918 est
1675 4840 1763 4940 illud

1565 4961 1588 5035 8
