4930 6176
684 633 726 702 10
1267 631 1629 697 c.G.c0uur

683 836 897 916 Litterarum
920 835 1047 912 studiis
1067 837 1217 935 expetivi
1233 843 1368 936 praeter
1389 835 1541 936 ipsarum
1567 836 1822 936 praestantiam.
1858 839 2030 938 Expertus
2055 838 2134 912 novi
2154 837 2211 912 illa

685 958 859 1058 praeclara
890 956 1009 1034 studia
1041 954 1211 1056 pabulum
1249 981 1324 1030 esse
1346 955 1454 1030 animi
1476 964 1511 1029 et
1538 963 1677 1054 propter
1700 981 1736 1030 se
1762 956 1837 1056 ipsa
1863 959 2073 1058 expetenda,
2098 981 2212 1056 neque

687 1079 775 1154 adeo
810 1079 929 1154 invitis
965 1077 1019 1152 vel
1048 1075 1308 1151 fastidientibus
1342 1101 1417 1151 esse
1450 1075 1679 1150 obtrudendas.
1745 1077 1826 1150 Alis
1857 1080 2044 1152 sentientes
2078 1101 2212 1176 semper

688 1223 799 1298 aequo
836 1199 953 1274 animo
987 1195 1054 1270 tuli
1089 1195 1247 1270 imitatus
1278 1196 1312 1268 in
1350 1196 1415 1270 hoc
1448 1194 1550 1268 Bakii
1585 1195 1653 1268 mei
1682 1195 1878 1295 exemplum
1907 1197 1968 1295 qui
1992 1221 2128 1294 semper
2148 1195 2213 1270 boe

689 1319 817 1417 egebat
856 1339 984 1416 meque
1021 1337 1124 1414 egere
1161 1314 1302 1402 docuit,
1342 1323 1381 1388 ut
1418 1315 1660 1413 uuusquisque
1698 1339 1777 1388 avve
1813 1325 1914 1390 esset.
1965 1317 2108 1415 Semper
2143 1315 2211 1388 vidi

686 1437 763 1512 illos
792 1461 868 1512 esse
890 1436 926 1510 in
952 1433 1078 1508 studiis
1102 1432 1259 1508 omnium
1284 1435 1598 1533 praestantissimos
1626 1436 1686 1531 qui
1714 1433 1801 1507 illud
1825 1435 2066 1508 Tbeocriteum
2088 1435 2211 1534 αὐτὰρ

686 1557 760 1658 a'yct
792 1558 997 1654 βασεῦμαι
1027 1554 1128 1648 eada
1146 1551 1263 1642 ὁδόν,
1294 1581 1400 1628 meam
1430 1555 1514 1628 mili
1533 1557 1605 1650 ipae
1633 1557 1720 1626 maer
1745 1557 1920 1649 apaten,
1947 1577 2074 1652 magno
2098 1555 2212 1628 animo

685 1684 853 1752 tenerent.
904 1676 973 1750 His
1007 1673 1116 1773 igitur
1148 1672 1340 1746 rationibus
1367 1681 1483 1744 motus
1510 1671 1596 1744 mihi
1618 1671 1783 1769 proposui
1805 1672 1841 1744 in
1868 1671 1974 1746 huius
1998 1673 2068 1747 diei
2089 1673 2211 1746 solem·

686 1798 795 1872 nitate
829 1819 941 1894 pauca
975 1793 1088 1866 dicere
1122 1791 1166 1864 de
1199 1791 1434 1864 monumentis
1467 1791 1676 1864 Litterarum
1707 1798 1861 1864 veterum
1887 1816 1951 1866 suo
1979 1792 2090 1891 pretio
2111 1791 2212 1866 sesti·

686 1915 834 1992 mandis.
885 1912 989 1988 Dabo
1013 1933 1153 2011 operam
1179 1910 1338 1984 brevitati
1359 1935 1474 2010 neque
1494 1911 1707 1984 committam
1733 1917 1773 1983 ut
1798 1910 1903 2012 longo
1924 1936 2080 1986 sermone
2102 1919 2213 1986 vestre

688 2042 845 2133 tempora
876 2056 1006 2120 morer,
1041 2031 1241 2130 praesertim
1270 2031 1305 2104 in
1336 2031 1401 2104 heo
1432 2031 1517 2104 coeli
1544 2029 1728 2129 asperitate
1753 2041 1788 2104 et
1810 2031 2049 2134 inclementia
2089 2032 2213 2130 Itaque

688 2179 729 2229 eu
760 2175 900 2252 quoque
934 2151 978 2224 de
1007 2173 1112 2224 cause
1145 2173 1254 2248 quum
1290 2149 1333 2222 de
1368 2174 1409 2223 eo
1438 2159 1644 2248 argumento
1670 2150 1777 2223 animi
1804 2151 1874 2224 mai
1899 2153 2106 2225 sententiam
2132 2173 2211 2226 can·

688 2273 769 2347 dide
804 2279 841 2345 et
871 2277 988 2370 aperte
1021 2293 1213 2368 exponam,
1246 2293 1324 2355 vos,
1357 2269 1467 2343 Hum.
1492 2271 1701 2355 Auditores,
1734 2293 1812 2343 mea
1843 2269 1947 2342 verbe
1975 2269 2148 2344 benevolis
2177 2275 2213 2342 et

687 2391 829 2467 attentis
852 2390 978 2464 animis
1000 2389 1213 2486 auribusque
1238 2413 1367 2486 quaeso
1390 2389 1648 2488 prosequimini.

738 2513 802 2584 Est
837 2509 902 2584 boc
934 2509 1059 2584 studiis
1096 2506 1257 2581 historiae
1292 2507 1455 2606 antiquae
1487 2517 1523 2582 et
1558 2509 1766 2582 Litterarum
1795 2515 1948 2582 veterum
1970 2508 2149 2606 proprium
2174 2515 2213 2582 ut

687 2637 867 2704 versentur
893 2627 930 2700 in
956 2626 1062 2700 rebus
1089 2624 1258 2700 absolutis
1284 2625 1621 2724 consummatisque,
1649 2649 1834 2724 rerumque
1855 2628 2011 2700 omnium
2039 2627 2155 2701 exitus
2177 2634 2212 2700 et

683 2748 830 2824 extremi
874 2754 1019 2820 eventus
1061 2753 1260 2842 appareant,
1324 2745 1398 2822 Qui
1443 2747 1653 2818 Graecorum
1691 2745 1868 2820 historiam
1904 2757 1939 2820 et
1975 2747 2104 2821 litteras
2143 2747 2211 2820 sibi

687 2866 795 2942 sumit
823 2863 1099 2962 cognoscendas,
1125 2871 1309 2960 postquam
1334 2865 1419 2936 vidit
1444 2865 1624 2938 Graeciam
1649 2864 1815 2938 fervidam
1842 2865 1983 2940 iuventa
2002 2875 2038 2939 et
2056 2865 2211 2940 adultam

685 2992 721 3060 et
754 2989 949 3070 matumm,
986 2980 1118 3055 videbit
1155 3005 1236 3056 mox
1272 2981 1417 3057 eandem
1456 2993 1710 3072 senescentem,
1746 2984 1992 3084 desipientem,
2031 2985 2209 3072 effoetam,

684 3103 895 3204 decrepitam
919 3127 959 3177 ae
979 3101 1194 3174 delirantem.

735 3223 843 3304 Quod
872 3223 1042 3298 cecinerat
1067 3219 1262 3294 Homerus:
1294 3218 1495 3294 vdimidiam
1518 3231 1649 3320 partem
1675 3223 1812 3296 virtutis
1834 3225 1982 3298 servitus
2004 3225 2137 3300 entert’
2167 3226 2211 3300 de

685 3345 792 3422 cruda
826 3342 989 3416 servitute
1023 3341 1156 3415 dictum
1193 3345 1263 3412 eat:
1299 3363 1379 3413 narn
1416 3341 1520 3439 longe
1556 3344 1702 3417 servitus
1732 3343 1893 3416 virtutem
1918 3367 2056 3426 ornnem
2082 3345 2210 3420 exstin-

687 3464 776 3562 guit.
828 3461 944 3534 Sensit
979 3459 1043 3532 hoc
1075 3458 1237 3532 Graecia:
1271 3459 1397 3531 amissa
1430 3459 1587 3534 libertate
1613 3461 1656 3535 de
1681 3463 1807 3535 virtute
1825 3470 1943 3537 actum
1962 3471 2024 3538 est.
2075 3465 2210 3539 Periere

687 3580 838 3681 optimae
867 3585 976 3666 artes,
1004 3577 1134 3676 periere
1161 3576 1267 3650 animi
1291 3577 1491 3677 ingeniique
1517 3579 1624 3654 dotes.
1676 3582 1795 3654 Potuit
1827 3581 2005 3656 Demades
2031 3584 2144 3658 dicere
2173 3583 2208 3658 in

687 3707 824 3776 recente
847 3697 977 3797 patriae
1003 3695 1219 3772 calamitate:
1275 3697 1416 3787 vAnus,
1442 3723 1530 3772 enus
1555 3709 1608 3774 est
1638 3700 1801 3786 Graecia,
1826 3723 1928 3798 aegre
1953 3709 1990 3774 et
2016 3701 2207 3802 decrepita,

689 3817 853 3895 sandaliis
881 3817 1006 3890 indute
1028 3841 1067 3890 ac
1088 3815 1260 3914 ptisanam
1286 3815 1462 3894 sorbens.”
1513 3820 1609 3897 Quid
1636 3829 1737 3918 putes
1765 3819 1871 3892 animi
1895 3819 2037 3918 posthac
2065 3822 2207 3895 miserae

689 3938 823 4015 luisse?
871 3935 961 4010 Vivo
982 3933 1180 4010 Alexandro
1207 3934 1290 4010 haec
1318 3935 1532 4025 dictasunt,
1559 3938 1686 4012 sensim
1707 3940 1814 4013 virtus
1838 3963 1879 4012 ac
1901 3939 1989 4014 vires
2008 3939 2207 4014 omnes-de·

692 4057 835 4145 ficiunt,
869 4053 1025 4129 hebescit
1056 4054 1257 4152 ingenium,
1293 4054 1387 4131 dives
1421 4079 1507 4132 vena
1541 4059 1723 4146 exarescit,
1756 4067 2004 4133 consenescunt
2030 4058 2145 4134 omnia
2170 4082 2208 4132 ao
2226 4087 2241 4098 ⁸

691 4177 896 4276 moriuntur,
950 4177 1173 4271 Quamquam
1208 4173 1303 4248 brevi
1332 4175 1594 4250 adumbratione
1616 4203 1729 4251 rerum
1755 4179 1924 4252 utendum
1952 4177 2039 4251 mihi
2059 4201 2134 4249 esse
2155 4177 2207 4251 in·
2306 4160 2308 4164 ¹

691 4297 810 4394 telligo
840 4317 953 4392 neque
976 4317 1095 4368 vacare
1120 4295 1287 4393 exemplis
1312 4295 1432 4369 multis
1455 4297 1729 4396 testimoniisque
1751 4297 1822 4384 nti,
1853 4293 1967 4371 tamen
1994 4317 2103 4369 unum
2124 4321 2206 4370 ocra·

690 4417 797 4491 latram
821 4421 946 4488 testem
966 4413 1164 4512 producam.

742 4535 907 4610 lCtorum
930 4535 1168 4608 Romanorum
1193 4533 1352 4632 princeps
1375 4533 1512 4608 Servius
1527 4533 1699 4633 Sulpicius
1708 4533 1923 4617 Ciceronem,
1946 4533 2006 4629 qui
2023 4531 2204 4606 Tulliolam

691 4673 790 4730 auem
808 4655 975 4743 dedebat,
1000 4651 1180 4728 consolaus
1203 4652 1253 4726 ita
1277 4651 1412 4726 scribit:
1454 4653 1526 4726 vEx
1556 4653 1641 4728 Asia
1667 4653 1837 4726 decedens
1861 4673 1969 4746 quum
1994 4650 2042 4724 eb
2070 4651 2206 4749 Aegina

689 4773 870 4872 Megaram
912 4795 1033 4846 versus
1075 4769 1272 4867 navigarem
1309 4769 1405 4866 coepi
1433 4771 1589 4867 regiones
1619 4769 1838 4842 circumcirca
1869 4767 2070 4866 prospicere.
2121 4771 2206 4842 Post
