4930 6176
673 589 741 700 24·
1256 595 1619 670 uacoanr

675 799 792 898 palma
811 800 1019 876 consociavit
1039 827 1148 900 quum
1169 803 1205 878 in
1224 805 1414 881 Academia
1434 807 1658 906 Groningsna
1678 806 1765 882 alter
1782 804 2000 906 propositum
2019 800 2064 876 ab
2077 797 2208 875 ordine

673 917 840 994 ictorum
864 920 1057 1020 praemium
1082 947 1249 1013 aureum,
1275 924 1362 1000 sltar
1384 924 1430 1000 ab
1453 927 1573 1001 ordine
1592 925 1851 1026 Philologorum
1875 922 2060 999 honorifice
2080 943 2203 1020 rapor-

673 1037 769 1114 tavit.
819 1038 1035 1116 Huiusmodi
1057 1041 1148 1117 bella
1174 1043 1271 1118 vobis
1292 1045 1445 1146 gerenda
1465 1053 1569 1134 sunt,
1593 1045 1862 1120 commilitones!

723 1155 798 1232 Sub
828 1159 962 1234 exitum
994 1162 1180 1261 superioris
1204 1162 1286 1238 anni
1308 1163 1420 1263 patria
1441 1171 1515 1240 tota
1539 1163 1649 1240 effusa
1673 1165 1804 1240 lacfitia
1825 1162 2011 1240 celebrarit
2030 1157 2206 1236 libertatis

673 1283 755 1352 anta
787 1277 851 1356 hos
881 1281 1136 1380 quinquaginta
1169 1307 1278 1358 annos
1316 1283 1495 1358 restitutae
1522 1284 1735 1360 memoriam.
1787 1287 1992 1383 Numquam
2015 1305 2059 1356 ax
2083 1279 2205 1354 animo

673 1421 753 1472 meo
786 1398 944 1474 elabetur
972 1399 1066 1474 illius
1093 1401 1162 1476 diei
1188 1402 1324 1502 imago,
1349 1427 1461 1500 quum
1484 1403 1625 1502 Hagam
1646 1403 1793 1479 Comitis
1815 1411 1977 1479 evocatum
2002 1407 2044 1474 ut
2063 1397 2203 1474 Acade·

673 1517 764 1592 miae
795 1519 1139 1619 Lugduno·Batavaa
1167 1521 1308 1596 nomine
1340 1521 1419 1596 lasti
1449 1522 1519 1596 diei
1548 1523 1758 1598 solemnitati
1790 1523 2013 1610 interessem,
2039 1541 2205 1620 praesens

677 1637 737 1711 illa
760 1637 830 1712 vidi
850 1639 944 1712 unde
965 1639 1070 1713 simul
1090 1639 1304 1716 intellectum
1328 1651 1381 1716 est
1400 1641 1564 1716 omnibus
1586 1666 1655 1718 non
1679 1667 1754 1718 esse
1775 1642 1882 1717 alium
1905 1639 2075 1740 populum
2099 1636 2205 1711 liber-

673 1763 747 1832 tate
771 1781 876 1855 quam
899 1766 1058 1832 nostrum
1081 1758 1294 1858 digniorem,
1320 1770 1356 1835 et
1370 1787 1448 1836 non
1472 1787 1547 1836 esse
1573 1787 1691 1862 regem
1715 1764 1822 1838 alium
1849 1761 1978 1862 populo
2001 1781 2066 1834 suo
2091 1779 2203 1856 quam

675 1883 835 1950 nostrum
864 1877 1039 1954 cariorem.
1091 1879 1256 1966 Ostendit
1288 1881 1479 1956 Academia
1513 1883 1839 1982 Lugduno·Batava
1867 1905 1929 1981 per
1958 1879 2098 1954 eosdem
2127 1875 2206 1948 dics

677 1995 801 2096 quanti
840 1995 996 2096 Regem,
1041 1999 1163 2096 quanti
1199 1999 1366 2097 patriam,
1408 2000 1531 2098 quanti
1562 1999 1756 2076 libertatem
1793 1999 1931 2074 facerat
1993 1997 2050 2070 'ru
2087 1993 2204 2080 enim,

679 2115 734 2192 01.
751 2115 795 2188 de
815 2113 936 2202 Vries,
961 2115 1110 2192 secundo
1129 2142 1188 2192 ore
1208 2126 1244 2192 et
1261 2119 1476 2194 inflammato
1495 2128 1631 2218 pectore
1649 2119 1834 2195 ostendens
1855 2118 2049 2193 arctissimo
2069 2111 2205 2188 vinculo

524 2305 527 2312 .
678 2234 802 2309 horum
829 2235 975 2310 salutem
999 2243 1034 2310 et
1056 2236 1254 2312 felicitatem
1278 2239 1368 2312 inter
1391 2263 1428 2312 se
1452 2247 1569 2338 aptam
1595 2253 1631 2314 ct
1653 2263 1779 2314 nexam
1801 2263 1900 2327 esse,
1926 2237 2031 2312 simul
2051 2234 2134 2310 linio
2151 2231 2204 2305 in·

676 2354 831 2430 ventutis
858 2379 1003 2430 coronae
1023 2356 1212 2432 iustissima
1231 2358 1364 2456 petenti
1382 2357 1597 2446 satisfecisti,
1623 2358 1728 2432 simul
1752 2357 1980 2432 Curatoribus
2007 2363 2045 2428 et
2069 2351 2204 2428 Proles·

681 2473 836 2562 acribus,
872 2475 934 2573 qui
971 2475 1061 2550 ultro
1100 2475 1150 2551 ad
1176 2478 1226 2550 Te
1259 2477 1473 2551 audiendum
1511 2476 1769 2564 confluxerant,
1803 2475 1915 2550 iecisti
1947 2471 2204 2574 gratissimum,

680 2595 785 2670 simul
809 2593 853 2668 do
881 2594 1071 2670 Academia
1094 2596 1394 2672 Luduno·Batava
1415 2596 1546 2694 optime
1568 2595 1735 2674 meruisti.
1795 2595 1915 2670 Palam
1935 2593 2017 2667 'libi
2035 2617 2080 2666 ax
2100 2585 2206 2664 animi

591 2791 594 2800 ,
680 2714 852 2790 sententia
877 2723 912 2788 et
936 2715 1024 2790 meis
1050 2716 1162 2792 verbis
1183 2724 1218 2790 et
1243 2716 1422 2805 omnium,
1447 2723 1501 2790 sat
1525 2714 1615 2802 scio,
1642 2714 1704 2813 qui
1722 2715 1771 2788 Te
1789 2714 1961 2788 dicantem
1976 2710 2207 2796 audiverunt,

680 2857 748 2931 ago
770 2833 910 2932 gratiss.

730 2952 821 3050 Regi
855 2951 1116 3051 Angustissimo
1150 2951 1255 3028 etiam
1292 2953 1356 3026 hoc
1385 2953 1573 3027 Academia
1602 2953 1727 3042 debet,
1761 2961 1802 3026 ut
1830 2951 2016 3052 propositis
2039 2946 2203 3048 praemiis

679 3070 939 3148 cordatissimus
964 3072 1113 3170 quisque
1136 3071 1182 3144 ad
1206 3071 1386 3170 ingenium
1416 3072 1645 3146 exercendum
1673 3081 1708 3146 et
1732 3071 1871 3146 laudem
1896 3069 2085 3170 petendam
2113 3065 2205 3140 aroi-

680 3199 822 3268 tarctur.
873 3191 1012 3266 Horum
1044 3191 1271 3266 cemaminum
1307 3191 1368 3289 qui
1403 3189 1532 3265 luerint
1566 3190 1680 3265 exitus
1713 3215 1807 3265 nuno
1834 3187 2116 3289 cognoscendum
2143 3189 2209 3258 est.

687 3311 873 3410 Agedum,
907 3311 958 3383 vir
989 3310 1207 3398 Clarissimo,
1233 3310 1295 3408 qui
1319 3333 1419 3424 optas
1445 3317 1522 3384 acta
1551 3309 1721 3399 Senatus,
1747 3309 1875 3384 iudicia
1900 3307 2121 3383 Facultatum
2146 3327 2211 3377 no·

681 3430 738 3504 bis
765 3430 880 3505 recita.

707 3769 712 3788 ⁷
736 3783 901 3858 Aooedite
921 3783 966 3857 ad
986 3807 1063 3870 me,
1089 3780 1331 3881 spectatissimi
1346 3781 1506 3869 iuvenes,
1532 3789 1691 3880 atquem
1713 3779 1861 3879 quisque
1882 3789 2035 3856 vestrum
2053 3779 2211 3879 palmam

685 3903 814 3980 meruit
836 3927 913 3978 eam
936 3926 979 3976 ex
1003 3925 1080 3976 mea
1104 3925 1211 3977 manu
1233 3899 1386 3997 accipito.
1438 3899 1600 3974 Gratulor
1625 3899 1721 3974 vobis
1745 3909 1782 3972 et
1805 3899 1971 3975 universis
1995 3906 2032 3974 et
2055 3899 2209 3999 singulis

686 4022 883 4098 studiorum
913 4027 1005 4094 recta
1036 4019 1273 4094 institutorum
1298 4018 1487 4117 praeclaros
1514 4019 1657 4094 fructus.
1707 4016 1902 4092 Dimidium
1923 4019 2006 4094 lacti
2026 4017 2090 4117 qui
2117 4017 2211 4092 bane

689 4142 803 4240 coepit
835 4141 962 4215 dicitur
995 4139 1139 4214 habere:
1176 4163 1277 4212 namo
1308 4145 1422 4235 potest
1454 4137 1543 4212 vitae
1575 4138 1641 4211 iter
1674 4136 1797 4210 melius
1824 4137 1975 4235 incipere
2007 4161 2115 4236 quam
2147 4161 2213 4211 vos

689 4259 829 4334 fecistis.
893 4260 984 4333 Sunt
1018 4260 1083 4334 hae
1113 4265 1244 4333 vestrae
1276 4257 1389 4330 laudis
1418 4263 1453 4330 st
1483 4256 1681 4330 meritorum
1709 4254 1891 4353 primitiae.
1941 4255 2061 4331 Facite
2087 4255 2213 4330 uthis

688 4377 851 4478 primitiis
887 4379 983 4452 laeta'
1011 4385 1047 4451 et
1080 4377 1252 4451 uberrima
1289 4399 1386 4474 sagas
1418 4381 1626 4460 succrescat,
1655 4379 1691 4446 at
1719 4373 1865 4450 excitate
1903 4384 2017 4450 vestm
2047 4376 2213 4475 exemplo

688 4496 851 4595 reliquos.
901 4498 958 4572 Ita
994 4497 1056 4570 fiet
1088 4506 1129 4570 ut
1160 4497 1252 4571 bona
1287 4519 1366 4594 pars
1400 4494 1531 4592 patriae
1561 4491 1751 4574 iuventutis
1780 4493 1825 4568 ad
1858 4495 1998 4570 laudam
2028 4521 2070 4572 ao
2102 4496 2214 4570 dacus

690 4615 925 4711 appetendum
954 4615 1198 4690 inflammetur.
1249 4615 1347 4686 Bona
1380 4635 1459 4709 pars
1488 4613 1628 4684 autem?
1665 4612 1743 4686 Irno
1771 4611 1817 4686 ad
1844 4637 1905 4687 ros
1930 4637 2053 4689 omnes
2074 4615 2149 4690 iam
2173 4639 2214 4690 sa

693 4755 773 4806 mes
794 4731 902 4805 oratio
924 4732 1107 4820 convertit,
1131 4731 1307 4808 lectissimi
1328 4730 1478 4804 iuvenes.
1516 4729 1718 4826 suspicatur
1739 4727 1882 4804 fortasse
1904 4731 2032 4832 aliquis
2052 4741 2214 4809 restrum
