4930 6176
880 615 1156 683 ORthO.
1730 618 1771 684 13

255 848 312 897 me
331 823 367 895 in
387 821 558 896 salebroso
581 822 655 894 loco
677 823 820 896 versari:
854 822 1012 896 delibabo
1037 847 1147 896 unum
1171 823 1389 920 potissimum
1412 830 1675 920 argumentum,
1699 847 1769 920 quo

254 966 394 1016 causam
419 941 607 1015 obtineam.

306 1061 517 1158 Quicunque
545 1059 738 1132 libertatem
758 1057 831 1130 odit
853 1069 888 1132 et
911 1061 1145 1158 superstitioni
1166 1061 1276 1148 lavet,
1302 1060 1376 1133 odit
1397 1060 1527 1134 litteras
1550 1062 1710 1158 antiquas
1733 1071 1769 1134 ct

254 1180 460 1280 philologiae
487 1179 603 1252 studia
628 1187 799 1277 quantum
826 1187 940 1276 potest
963 1179 1109 1277 impedit
1134 1191 1169 1253 et
1193 1179 1373 1252 exscindit.
1419 1180 1462 1251 In
1490 1180 1602 1253 Gallie
1629 1181 1769 1254 fanatici

255 1299 503 1374 homunciones
534 1299 757 1396 scriptoribus
783 1298 932 1372 classicis
956 1298 1109 1372 indixere
1133 1300 1272 1372 bellum.
1323 1297 1422 1370 Idem
1446 1299 1486 1370 fit
1506 1299 1589 1371 alibi
1613 1300 1768 1376 locorum

257 1430 318 1494 aut
349 1420 462 1518 palam
495 1428 556 1492 aut
586 1417 808 1492 clandestinis
839 1417 981 1492 artibus.
1032 1419 1128 1491 Num
1156 1418 1287 1516 putatis
1316 1417 1391 1490 illos
1421 1419 1541 1490 timere
1574 1441 1618 1491 ne
1652 1420 1770 1493 Iovem

257 1538 462 1637 Olympium
497 1537 549 1610 vel
579 1536 812 1632 Capitolinum
842 1561 920 1612 cum
946 1538 1079 1612 Iunone
1103 1546 1137 1610 et
1162 1539 1319 1611 Minerva
1342 1561 1403 1636 pro
1429 1537 1505 1610 Diis
1523 1537 1702 1612 colamus?
1726 1561 1771 1610 an

258 1685 302 1734 ne
336 1683 447 1731 mores
476 1658 765 1754 corrumpantur?
806 1657 862 1728 Ita
895 1655 1055 1730 dictitant
1085 1657 1262 1743 nonnulli,
1289 1656 1490 1752 quasivero
1516 1665 1630 1730 metus
1656 1657 1701 1730 sit
1728 1681 1772 1730 ne

257 1776 407 1850 Gallicae
438 1774 627 1848 iuventutis
658 1799 769 1848 mores
806 1775 1010 1874 scriptorum
1044 1778 1253 1849 Graecorum
1290 1782 1351 1848 aut
1390 1775 1593 1849 Latinorum
1627 1776 1772 1850 lectione

255 1895 495 1994 depraventur.
513 1893 670 1968 Utinam
696 1917 740 1968 nc
764 1892 875 1990 magis
900 1893 1078 1966 Gallorum
1104 1893 1240 1966 chartae
1263 1917 1402 1990 peccare
1428 1893 1590 1967 docentes
1614 1894 1772 1968 iuventu-

256 2027 326 2089 tem
347 2025 497 2088 nostram
520 2013 763 2112 depravarent!
816 2014 982 2085 Metuant
1006 2013 1078 2100 isti,
1103 2038 1315 2111 quamquam
1340 2013 1579 2102 dissimulant,
1603 2039 1646 2088 ue
1669 2039 1772 2113 gene·

257 2159 333 2210 rosa
362 2135 523 2206 iuventus
558 2133 726 2206 libertatis
750 2157 900 2206 amorem
928 2132 1076 2205 imbibat
1101 2144 1135 2206 et
1159 2159 1277 2206 sanam
1303 2135 1488 2220 rationem,
1512 2158 1620 2230 quam
1644 2135 1775 2232 spirant
1893 2191 1899 2213 .

257 2253 486 2351 Antiquitatis
517 2262 749 2340 monumenta.
801 2253 847 2324 Et
875 2260 965 2324 recte
989 2253 1130 2349 quidem
1153 2253 1211 2324 isti
1235 2263 1416 2340 metuunt,
1444 2277 1594 2351 namque
1616 2254 1673 2327 illa
1697 2254 1776 2328 doc·

258 2371 348 2446 trina
391 2373 458 2444 vim
495 2383 671 2470 promovet
713 2372 852 2445 insitam
895 2395 985 2469 quac
1020 2371 1206 2469 aliquando
1241 2374 1414 2446 servitutis
1450 2383 1486 2446 et
1525 2373 1778 2470 superstitionis

258 2493 380 2588 iugum
420 2489 579 2583 excutiet.
632 2491 732 2564 Nihil
767 2499 930 2564 metuunt
960 2489 1027 2562 sibi
1057 2490 1101 2562 ab
1134 2491 1176 2562 iis
1207 2491 1268 2589 qui
1297 2517 1412 2564 rerum
1437 2498 1596 2567 naturam
1624 2517 1778 2592 perscru-

256 2619 390 2684 tantur:
415 2609 451 2682 in
474 2609 773 2683 observationibus
795 2609 1044 2706 microscopicis
1067 2610 1116 2682 nil
1135 2636 1209 2683 esse
1232 2612 1374 2708 periculi
1395 2621 1539 2709 putant:
1566 2637 1635 2685 non
1658 2614 1778 2688 exhor·

257 2737 394 2802 rescunt
414 2729 733 2802 mathematicorum
749 2729 907 2802 iuventa:
933 2728 1108 2802 historiam
1132 2730 1332 2803 animalium
1353 2731 1436 2804 satis
1459 2732 1605 2805 credunt
1620 2755 1688 2804 non
1703 2756 1777 2805 csse

256 2847 322 2922 sibi
341 2848 584 2946 periculosam,
610 2848 671 2923 scd
691 2848 876 2921 liberorum
899 2847 1104 2945 populorum
1124 2848 1300 2922 historiam
1321 2858 1356 2922 et
1378 2873 1432 2922 res
1453 2860 1570 2948 gestas
1591 2861 1626 2924 et
1644 2851 1775 2926 litteras

256 2975 292 3040 et
316 2966 556 3041 excellentium
577 2967 746 3053 virorum,
766 2990 853 3064 quos
876 2965 934 3038 illa
958 2964 1098 3037 libertas
1125 2963 1222 3050 tulit,
1246 2967 1466 3042 auctoritates
1496 2977 1531 3040 et
1560 2968 1719 3066 exempla
1743 2977 1779 3042 et

257 3087 460 3174 sententias,
491 3085 575 3160 haec
598 3111 675 3160 vero
698 3086 798 3160 anxie
820 3083 1063 3172 reformidant,
1089 3110 1168 3158 cum
1197 3084 1249 3157 his
1273 3084 1362 3158 bella
1386 3095 1523 3183 gerunt.
1574 3087 1620 3158 Et
1644 3087 1681 3160 hi
1700 3088 1776 3184 qui·

231 3217 234 3222 '
258 3206 336 3279 dem
364 3216 509 3280 utuntur
526 3207 600 3280 iure
621 3230 703 3280 suo:
729 3203 921 3302 impediant
948 3203 1028 3276 licet
1052 3203 1243 3276 litterarum
1268 3213 1422 3278 veterum
1443 3205 1558 3278 studia
1579 3206 1673 3303 apud
1696 3231 1777 3281 suos

258 3350 298 3400 ac
326 3326 355 3398 si
387 3327 519 3424 possint
549 3325 762 3423 exscindant.
815 3323 883 3397 Sed
914 3347 976 3396 nos
1005 3322 1041 3395 iu
1067 3322 1211 3420 antiqua
1236 3324 1393 3397 libertate
1416 3335 1452 3398 et
1476 3325 1621 3398 sanitate
1645 3327 1719 3399 nati
1741 3337 1777 3400 et

257 3445 393 3518 educati
424 3447 519 3543 quod
549 3446 608 3519 isti
641 3444 784 3542 lucifugi
819 3443 1035 3516 tenebriones
1071 3444 1263 3540 opprimere
1297 3453 1331 3516 et
1359 3444 1471 3516 delere
1494 3444 1668 3542 gestiunt,
1694 3470 1776 3534 nos,

258 3563 425 3661 inquam,
447 3564 715 3651 vindicabimus,
741 3589 804 3638 nos
830 3563 1016 3666 tuebimur.
1068 3563 1142 3634 Nos
1164 3563 1199 3634 in
1224 3563 1282 3636 illa
1302 3564 1469 3660 palaestra
1492 3589 1585 3638 more
1607 3565 1776 3642 maiorum

258 3683 474 3756 inventutem
506 3695 655 3757 nostram
681 3683 939 3771 exercebimus,
966 3683 1026 3756 ubi
1048 3683 1184 3756 acuitur
1201 3682 1390 3771 iudicium,
1415 3681 1549 3782 pulchri
1571 3709 1693 3758 sensus
1713 3685 1774 3760 ali·

226 3778 336 3888 'tur,
365 3801 501 3874 animus
533 3803 577 3876 ad
614 3804 733 3878 altiora
766 3802 926 3900 erigitur,
964 3800 1149 3874 instillatur
1183 3827 1279 3875 verae
1303 3802 1471 3876 libertatis
1496 3829 1592 3877 amor
1615 3813 1651 3877 et
1673 3805 1773 3878 anilis

260 3922 457 4020 superstitio
481 3921 639 3996 funditus
664 3921 877 3996 exturbatur.

308 4039 420 4115 Venio
451 4065 544 4114 nunc
573 4043 619 4116 ad
644 4043 784 4116 alteram
817 4049 982 4127 aetatem,
1017 4040 1060 4112 de
1087 4063 1156 4135 qua
1186 4065 1226 4112 ea
1249 4041 1335 4114 mihi
1359 4043 1528 4118 sententia
1552 4053 1621 4128 est,
1655 4051 1694 4114 ut
1719 4053 1772 4116 sat

260 4160 362 4234 sciam
390 4161 518 4234 multos
541 4169 576 4234 at
598 4187 689 4236 nunc
713 4173 748 4236 ct
769 4160 910 4258 posthac
935 4185 955 4232 a
980 4183 1035 4232 me
1057 4166 1130 4231 toto
1150 4159 1243 4232 coelo
1266 4161 1526 4259 discrepaturae.

309 4279 362 4352 Ex
399 4281 458 4354 illa
489 4281 566 4354 luce
601 4281 804 4354 oboriuntur
841 4278 1020 4364 tenebrae,
1063 4275 1199 4374 obrepit
1231 4289 1406 4366 senectus,
1443 4291 1558 4378 torpor
1591 4292 1626 4354 et
1663 4291 1770 4355 veter·

147 4459 156 4508 3
257 4406 498 4496 nus'occupat
527 4401 662 4487 omnia,
696 4411 771 4474 tum
802 4399 899 4472 triste
931 4397 1066 4472 senium
1105 4396 1313 4494 decrepitam
1351 4399 1529 4473 Graeciam
1565 4401 1658 4474 lenta
1690 4400 1769 4474 tabe

139 4511 147 4526 '
260 4515 424 4590 absumit.

308 4635 492 4734 Qrudquid
526 4639 585 4711 illa
614 4646 708 4712 aetas
744 4636 886 4734 protulit
918 4658 1031 4731 neque
1066 4633 1291 4707 admiratione
1320 4635 1467 4734 dignum
1491 4647 1543 4711 est
1564 4663 1680 4736 neque
1705 4640 1774 4712 ullo

260 4754 363 4828 modo
392 4779 473 4830 cum
506 4756 573 4829 illis
595 4755 836 4854 scriptoribus,
868 4777 955 4850 quos
979 4769 1116 4826 renatae
1143 4752 1274 4826 litterae
1296 4755 1560 4852 perfectissimos
1584 4759 1774 4844 dederunt,
