4930 6176
874 661 1153 732 oraclo.
1730 663 1773 730 21

249 893 360 970 quum
390 869 533 946 consilia
555 867 786 968 improbaret,
822 869 1014 969 potentum
1037 894 1108 944 nou
1131 869 1388 946 extimescebat.
1439 869 1632 969 Ecquando
1656 869 1770 968 Tyde·

248 991 369 1068 mauni
388 988 584 1066 libertatem
604 987 673 1064 oris
696 997 732 1064 et
748 991 896 1088 pectoris
920 991 1078 1091 frangere
1100 1000 1288 1090 potuerunt
1309 990 1413 1066 ullius
1430 1015 1533 1090 opem
1553 990 1607 1065 vel
1628 990 1770 1066 minae?

249 1111 383 1187 Haeret
416 1109 525 1185 infixe
559 1109 596 1184 in
632 1107 790 1184 omnium
824 1110 950 1184 animis
985 1110 1201 1209 Tydemanni
1234 1111 1350 1211 imago
1385 1135 1495 1209 quum
1526 1135 1569 1186 ex
1601 1111 1665 1186 bac
1694 1111 1771 1211 ipsa

249 1230 412 1311 cathedra
448 1229 626 1328 deponens
659 1229 884 1306 Rectomtum
919 1230 1024 1305 verba
1056 1230 1194 1306 faceret.
1245 1231 1456 1306 Meministis
1490 1255 1597 1329 quam
1628 1231 1769 1320 festive,

252 1375 359 1452 quam
392 1350 481 1426 salso
516 1349 617 1448 quasi
648 1348 685 1423 in
713 1349 910 1449 quaerendo
936 1349 1100 1426 orationis
1125 1359 1330 1451 argumento
1349 1355 1459 1426 totam
1480 1350 1670 1425 orationem
1689 1375 1770 1424 con·

253 1471 444 1558 sumserit;.
469 1493 555 1569 quos
584 1470 722 1544 acvrleos
746 1471 884 1560 iecerit;
918 1481 954 1545 et
975 1481 1155 1570 tamquam
1179 1472 1317 1572 fugiens
1341 1481 1381 1545 ut
1403 1471 1612 1546 Parthorum
1636 1470 1770 1568 equita·

252 1599 313 1668 tus
344 1590 423 1666 telis
454 1589 664 1666 adversarios
701 1591 903 1680 confixerit,
935 1600 971 1666 et
1003 1616 1047 1666 er
1081 1591 1164 1666 locis
1201 1592 1392 1691 scopulosis
1426 1600 1526 1666 tutus
1558 1601 1594 1665 et
1620 1591 1772 1668 intactus

254 1708 407 1788 evaserit.
458 1709 670 1784 Meministis
696 1719 828 1807 quanto
851 1710 959 1785 animi
988 1710 1125 1810 vigore,
1152 1736 1222 1810 qua
1246 1711 1392 1800 ferocia,
1426 1735 1497 1810 quo
1520 1711 1655 1809 impetu
1677 1709 1774 1784 odic·

254 1854 327 1906 sam
364 1827 432 1904 sibi
468 1828 582 1928 legem
618 1828 661 1904 de
697 1853 780 1904 cura
815 1853 1008 1928 pauperum
1041 1831 1305 1930 impugnaverit.
1369 1833 1487 1908 Pauca
1516 1830 1620 1906 verba
1655 1854 1698 1904 ex
1732 1823 1780 1906 ea'

252 1949 405 2026 oratione
433 1949 542 2024 veluti
565 1973 609 2024 ex
633 1947 824 2048 praesentis
848 1973 906 2022 ore
930 1949 1055 2025 iterum
1082 1951 1218 2025 audite:
1255 1951 1384 2050 vSperc
1407 1951 1495 2050 legis
1517 1949 1614 2024 istud
1635 1961 1774 2048 porten-

258 2077 356 2160 ctum
394 2093 511 2145 secum
543 2069 742 2144 abluturum
777 2093 852 2144 esse
882 2068 994 2143 virum
1021 2071 1297 2169 amplissimum,
1323 2070 1385 2168 qui
1409 2093 1553 2168 pravum
1576 2069 1640 2144 hoc
1664 2068 1775 2142 consi·

257 2190 366 2264 alium
389 2189 522 2289 optimc
545 2189 635 2288 Regi
660 2201 814 2262 suaserat
835 2213 899 2263 nec
919 2189 1030 2264 ullum
1049 2190 1231 2264 inventum
1252 2189 1295 2263 iri
1314 2213 1566 2277 successorem,
1592 2187 1654 2287 qui
1672 2187 1778 2263 huius

258 2308 367 2408 elegis
391 2307 619 2408 patrocinium
645 2307 817 2407 suscipere
845 2308 936 2384 velit.
987 2309 1094 2388 Quod
1127 2311 1157 2382 si
1189 2318 1323 2409 praeter
1352 2334 1430 2384 mea
1460 2317 1539 2383 vota
1562 2308 1777 2407 contingeret

261 2452 352 2504 cnon
386 2437 503 2504 metus
530 2428 764 2504 conviciorum
797 2429 883 2529 regii
916 2429 1065 2503 ministri
1095 2454 1135 2503 cs
1166 2429 1252 2504 mihi
1285 2429 1479 2518 clauderet,
1513 2431 1567 2504 vel
1591 2429 1709 2504 stilum
1736 2429 1782 2505 ad

259 2547 559 2624 uconfundendam
584 2548 934 2648 confodiendamque'
950 2550 1054 2624 istam
1079 2549 1190 2649 legem
1216 2573 1324 2625 manu
1346 2557 1547 2648 susceptum
1568 2549 1781 2624 excuteret.”

307 2667 401 2742 'I'alis
424 2667 476 2741 vir
499 2677 573 2743 erat
598 2669 864 2768 Tydemannus,
900 2669 958 2743 cui
987 2669 1120 2743 utinam
1146 2669 1278 2743 multos
1300 2693 1434 2768 semper
1456 2669 1586 2743 similes
1612 2679 1648 2743 et
1671 2669 1784 2768 patria

255 2787 346 2864 cives
371 2786 497 2862 hebeat
523 2797 559 2863 et
582 2787 772 2864 Academia
796 2788 1121 2888 bagme-Batava
1148 2789 1376 2887 professores!

305 3025 497 3102 Amisimus
532 3027 825 3125 Tydemannum,
862 3029 923 3103 sed
955 3027 1051 3127 quod
1079 3027 1116 3101 in
1149 3027 1302 3103 maxima
1331 3025 1504 3102 felicitatis
1528 3036 1663 3101 nostrae
1686 3035 1784 3126 parte

256 3147 439 3248 ponimus,
471 3148 752 3246 recuperavimus
789 3149 1008 3248 Tydemanni
1042 3171 1284 3224 successorem.
1335 3148 1472 3246 Nempe
1497 3148 1546 3220 Te
1567 3147 1783 3244 recuperavi·

257 3293 359 3356 mus,
384 3267 556 3344 carissime
583 3267 627 3342 de
649 3263 752 3356 Wal,
778 3293 821 3342 ex
844 3267 940 3367 gravi
967 3267 1162 3342 valetudine
1188 3267 1391 3342 salutarium
1413 3289 1582 3364 aquarum
1606 3247 1675 3364 ope
1697 3289 1779 3340 con·

257 3387 434 3462 firmatum
470 3387 754 3487 restitutumque.
815 3387 914 3462 Inest
948 3413 1084 3487 semper
1116 3388 1249 3486 aliquid
1283 3387 1320 3461 in
1356 3385 1461 3462 rebus
1499 3386 1650 3461 adversis
1684 3385 1781 3462 boni.

257 3509 337 3582 Nisi
359 3509 415 3583 Tu
440 3508 478 3581 in
501 3515 572 3582 tam
593 3533 697 3608 grave
726 3508 848 3584 salutis
870 3508 1055 3584 discrimen
1078 3509 1248 3598 venisses,
1276 3518 1315 3584 ut
1342 3507 1386 3581 de
1401 3531 1551 3596 ¹munere
1577 3506 1782 3606 deponendo

258 3627 447 3727 cogitares,
480 3652 672 3726 numquam
701 3628 936 3726 potuissemus
969 3627 1150 3703 ostendere
1177 3653 1283 3728 quam
1312 3652 1411 3703 carus
1429 3652 1522 3702 esses
1545 3626 1645 3702 nobis
1668 3627 1780 3701 omni·

259 3748 348 3836 bus,
383 3773 489 3848 quam
520 3749 569 3824 'Pe
603 3773 716 3824 carere
739 3773 809 3824 non
838 3773 1029 3850 possemus.
1076 3749 1132 3823 Tu
1161 3747 1267 3824 huius
1291 3747 1549 3822 benevolentiae
1570 3756 1605 3821 et
1627 3747 1779 3822 caritatis

260 3867 495 3943 dulcissimam
515 3868 717 3944 memoriam
735 3868 975 3960 conservabis,
997 3869 1132 3945 utinam
1150 3893 1213 3944 nos
1233 3869 1283 3944 Te
1303 3867 1498 3942 diutissime
1514 3867 1778 3942 dilectissimum

259 3987 427 4086 collegam
451 3995 702 4065 conservemus.

309 4107 539 4206 Reliquorum
574 4108 664 4184 vitae
696 4118 732 4182 et
763 4108 953 4187 valetudini
985 4109 1052 4182 Dei
1080 4108 1279 4207 benignitas
1306 4108 1479 4208 pepercit,
1510 4108 1684 4181 sedeunt
1715 4107 1778 4204 qui

261 4225 393 4302 flebiles
428 4253 530 4304 casus
566 4253 707 4304 suorum
739 4229 901 4330 lugeant,
939 4239 1000 4304 aut
1033 4238 1167 4330 patrem
1203 4227 1448 4314 venerabilem,
1481 4224 1777 4301 sollertissimas

263 4356 456 4436 matronas,
489 4348 682 4425 carissimas
717 4349 902 4450 coniuges,
936 4359 999 4425 aut
1033 4357 1221 4448 cognatum
1250 4349 1402 4447 aliquem
1426 4347 1480 4421 vel
1504 4347 1642 4421 affinem
1673 4347 1778 4422 dilec-

262 4465 460 4556 tissimum,
493 4467 667 4544 cadssima
688 4467 821 4569 capita,
851 4493 922 4543 non
952 4467 1048 4542 brevi
1076 4468 1197 4555 luctu,
1231 4466 1293 4540 sed
1317 4473 1484 4564 perpetuo
1509 4489 1663 4540 moerore
1687 4465 1777 4538 desi·

263 4583 425 4686 demnda
473 4585 593 4686 Erigat
625 4588 760 4662 animos
786 4595 924 4662 nostros
951 4594 1048 4679 (nam
1071 4609 1137 4685 ogo
1162 4608 1301 4684 quoque
1327 4609 1406 4658 sum
1431 4585 1468 4658 iu
1494 4585 1690 4682 lugentium
1714 4609 1782 4659 nu·

263 4711 395 4795 mero),
428 4705 538 4805 erigat
561 4707 695 4782 animos
718 4719 854 4782 nostros
876 4691 1021 4782 afflictos
1043 4705 1154 4805 pietas
1176 4729 1258 4803 erga
1278 4705 1406 4781 Deum.
1457 4704 1586 4780 Salutio
1609 4703 1654 4778 sit
1679 4699 1782 4780 nobis

264 4847 383 4899 eorum
418 4825 481 4924 qui
512 4834 699 4925 supersunt
730 4851 827 4902 amor
857 4836 893 4902 et
921 4825 1064 4918 caritar,
1097 4835 1133 4902 et
1164 4825 1389 4902 ostendamus
1419 4825 1582 4902 omnibus
1610 4826 1789 4926 praeclara·
