<?xml version="1.0" encoding="UTF-8"?>
<!DOCTYPE html PUBLIC "-//W3C//DTD XHTML 1.0 Transitional//EN"
    "http://www.w3.org/TR/xhtml1/DTD/xhtml1-transitional.dtd">
<html xmlns="http://www.w3.org/1999/xhtml" xml:lang="en" lang="en">
 <head>
  <title>
</title>
<meta http-equiv="Content-Type" content="text/html;charset=utf-8" />
  <meta name='ocr-system' content='tesseract 3.04.00' />
  <meta name='ocr-capabilities' content='ocr_page ocr_carea ocr_par ocr_line ocrx_word'/>
</head>
<body>
  <div class='ocr_page' id='page_1' title='image "annalesacademic00unkngoog_0037.png"; bbox 0 0 4930 6176; ppageno 0'>
   <div class='ocr_carea' id='block_1_1' title="bbox 948 1249 2011 1614">
    <p class='ocr_par' dir='ltr' id='par_1_1' title="bbox 948 1249 2011 1614">
     <span class='ocr_line' id='line_1_1' title="bbox 1038 1249 1924 1384; baseline -0.009 -11"><span class='ocrx_word' id='word_1_1' title='bbox 1038 1250 1198 1374; x_wconf 76' lang='lat' dir='ltr'>ACTA</span> <span class='ocrx_word' id='word_1_2' title='bbox 1226 1251 1306 1372; x_wconf 76' lang='lat' dir='ltr'><strong>ET</strong></span> <span class='ocrx_word' id='word_1_3' title='bbox 1336 1249 1530 1371; x_wconf 74' lang='lat' dir='ltr'><strong>susal</strong></span> <span class='ocrx_word' id='word_1_4' title='bbox 1559 1251 1627 1368; x_wconf 81' lang='grc' dir='ltr'><strong>ΙΝ</strong></span> <span class='ocrx_word' id='word_1_5' title='bbox 1657 1249 1924 1384; x_wconf 79' lang='lat' dir='ltr'><strong>SENATU,</strong></span> 
     </span>
     <span class='ocr_line' id='line_1_2' title="bbox 948 1517 2011 1614; baseline 0.001 -16"><span class='ocrx_word' id='word_1_6' title='bbox 948 1519 1008 1600; x_wconf 84' lang='lat' dir='ltr'><strong>ru</strong></span> <span class='ocrx_word' id='word_1_7' title='bbox 1044 1519 1372 1614; x_wconf 72' lang='lat' dir='ltr'><strong>actuosus</strong></span> <span class='ocrx_word' id='word_1_8' title='bbox 1412 1517 2011 1606; x_wconf 77' lang='lat' dir='ltr'><strong>nonnoso-aursus.</strong></span> 
     </span>
    </p>
   </div>
   <div class='ocr_carea' id='block_1_2' title="bbox 1346 1857 1609 1874">
    <p class='ocr_par' dir='ltr' id='par_1_2' title="bbox 1346 1857 1609 1874">
     <span class='ocr_line' id='line_1_3' title="bbox 1346 1857 1609 1874; baseline -0.008 -2"><span class='ocrx_word' id='word_1_9' title='bbox 1346 1857 1609 1874; x_wconf 56' lang='lat' dir='ltr'><strong>nun-auu*</strong></span> 
     </span>
    </p>
   </div>
   <div class='ocr_carea' id='block_1_3' title="bbox 1390 2138 1566 2217">
    <p class='ocr_par' dir='ltr' id='par_1_3' title="bbox 1390 2138 1566 2217">
     <span class='ocr_line' id='line_1_4' title="bbox 1390 2138 1566 2217; baseline 0.006 -3"><span class='ocrx_word' id='word_1_10' title='bbox 1390 2138 1435 2214; x_wconf 86' lang='lat' dir='ltr'><strong>A.</strong></span> <span class='ocrx_word' id='word_1_11' title='bbox 1463 2138 1566 2217; x_wconf 82' lang='grc'><strong>1863.</strong></span> 
     </span>
    </p>
   </div>
   <div class='ocr_carea' id='block_1_4' title="bbox 707 2323 2233 4076">
    <p class='ocr_par' dir='ltr' id='par_1_4' title="bbox 713 2323 2233 2429">
     <span class='ocr_line' id='line_1_5' title="bbox 713 2323 2233 2429; baseline -0.006 -23"><span class='ocrx_word' id='word_1_12' title='bbox 713 2331 780 2406; x_wconf 84' lang='lat' dir='ltr'><strong>Die</strong></span> <span class='ocrx_word' id='word_1_13' title='bbox 810 2333 858 2407; x_wconf 77' lang='lat'><strong>28</strong></span> <span class='ocrx_word' id='word_1_14' title='bbox 885 2355 931 2408; x_wconf 92' lang='lat' dir='ltr'><strong>m.</strong></span> <span class='ocrx_word' id='word_1_15' title='bbox 957 2329 1055 2407; x_wconf 87' lang='lat' dir='ltr'><strong>Maii.</strong></span> <span class='ocrx_word' id='word_1_16' title='bbox 1108 2329 1256 2404; x_wconf 87' lang='lat' dir='ltr'><strong>Senatus</strong></span> <span class='ocrx_word' id='word_1_17' title='bbox 1292 2330 1390 2429; x_wconf 83' lang='lat' dir='ltr'><strong>luget</strong></span> <span class='ocrx_word' id='word_1_18' title='bbox 1422 2331 1559 2406; x_wconf 89' lang='lat' dir='ltr'><strong>obitum</strong></span> <span class='ocrx_word' id='word_1_19' title='bbox 1593 2331 1655 2406; x_wconf 89' lang='lat' dir='ltr'><strong>viri</strong></span> <span class='ocrx_word' id='word_1_20' title='bbox 1679 2328 1859 2406; x_wconf 84' lang='lat' dir='ltr'><strong>clarissimi</strong></span> <span class='ocrx_word' id='word_1_21' title='bbox 1882 2327 1932 2403; x_wconf 91' lang='lat' dir='ltr'><strong>H.</strong></span> <span class='ocrx_word' id='word_1_22' title='bbox 1956 2325 2015 2403; x_wconf 87' lang='lat' dir='ltr'><strong>W.</strong></span> <span class='ocrx_word' id='word_1_23' title='bbox 2038 2323 2233 2424; x_wconf 79' lang='lat' dir='ltr'><strong>Tydeman,</strong></span> 
     </span>
    </p>

    <p class='ocr_par' dir='ltr' id='par_1_5' title="bbox 883 2445 2134 2554">
     <span class='ocr_line' id='line_1_6' title="bbox 883 2445 2134 2554; baseline -0.005 -28"><span class='ocrx_word' id='word_1_24' title='bbox 883 2451 921 2526; x_wconf 92' lang='lat' dir='ltr'><strong>in</strong></span> <span class='ocrx_word' id='word_1_25' title='bbox 943 2449 1122 2526; x_wconf 87' lang='lat' dir='ltr'><strong>Facultate</strong></span> <span class='ocrx_word' id='word_1_26' title='bbox 1144 2447 1296 2524; x_wconf 86' lang='lat' dir='ltr'><strong>Inridica</strong></span> <span class='ocrx_word' id='word_1_27' title='bbox 1320 2449 1411 2524; x_wconf 88' lang='lat' dir='ltr'><strong>Prof.</strong></span> <span class='ocrx_word' id='word_1_28' title='bbox 1439 2450 1513 2526; x_wconf 92' lang='lat' dir='ltr'><strong>ord.</strong></span> <span class='ocrx_word' id='word_1_29' title='bbox 1544 2450 1646 2546; x_wconf 86' lang='lat' dir='ltr'><strong>(obiit</strong></span> <span class='ocrx_word' id='word_1_30' title='bbox 1667 2449 1701 2524; x_wconf 90' lang='lat' dir='ltr'><strong>d.</strong></span> <span class='ocrx_word' id='word_1_31' title='bbox 1733 2451 1755 2524; x_wconf 85' lang='lat'><strong>6</strong></span> <span class='ocrx_word' id='word_1_32' title='bbox 1779 2473 1825 2524; x_wconf 90' lang='lat' dir='ltr'><strong>m.</strong></span> <span class='ocrx_word' id='word_1_33' title='bbox 1848 2445 1997 2539; x_wconf 89' lang='lat' dir='ltr'><strong>Martii).</strong></span> <span class='ocrx_word' id='word_1_34' title='bbox 2129 2546 2134 2554; x_wconf 31' lang='lat'>¹</span> 
     </span>
    </p>

    <p class='ocr_par' dir='ltr' id='par_1_6' title="bbox 876 2565 2232 3244">
     <span class='ocr_line' id='line_1_7' title="bbox 939 2565 2232 2654; baseline -0.005 -10"><span class='ocrx_word' id='word_1_35' title='bbox 939 2569 1144 2645; x_wconf 88' lang='lat' dir='ltr'><strong>Recitantur</strong></span> <span class='ocrx_word' id='word_1_36' title='bbox 1166 2567 1283 2643; x_wconf 89' lang='lat' dir='ltr'><strong>literae</strong></span> <span class='ocrx_word' id='word_1_37' title='bbox 1308 2569 1516 2644; x_wconf 62' lang='lat' dir='ltr'><strong>(iuratorum</strong></span> <span class='ocrx_word' id='word_1_38' title='bbox 1539 2569 1573 2642; x_wconf 93' lang='lat' dir='ltr'><strong>d.</strong></span> <span class='ocrx_word' id='word_1_39' title='bbox 1591 2568 1626 2643; x_wconf 92' lang='lat' dir='ltr'><strong>d.</strong></span> <span class='ocrx_word' id='word_1_40' title='bbox 1641 2573 1687 2642; x_wconf 82' lang='lat'><strong>19</strong></span> <span class='ocrx_word' id='word_1_41' title='bbox 1697 2567 1800 2644; x_wconf 82' lang='lat' dir='ltr'><strong>Febr.</strong></span> <span class='ocrx_word' id='word_1_42' title='bbox 1822 2575 1859 2642; x_wconf 86' lang='lat' dir='ltr'><strong>at</strong></span> <span class='ocrx_word' id='word_1_43' title='bbox 1880 2569 1926 2641; x_wconf 94' lang='grc'><strong>13</strong></span> <span class='ocrx_word' id='word_1_44' title='bbox 1942 2565 2051 2654; x_wconf 89' lang='lat' dir='ltr'><strong>Maii,</strong></span> <span class='ocrx_word' id='word_1_45' title='bbox 2069 2565 2232 2640; x_wconf 81' lang='lat' dir='ltr'><strong>Senatum</strong></span> 
     </span>
     <span class='ocr_line' id='line_1_8' title="bbox 881 2683 2231 2787; baseline -0.004 -24"><span class='ocrx_word' id='word_1_46' title='bbox 881 2688 1061 2764; x_wconf 79' lang='lat' dir='ltr'><strong>certiorem</strong></span> <span class='ocrx_word' id='word_1_47' title='bbox 1093 2687 1294 2763; x_wconf 84' lang='lat' dir='ltr'><strong>facientium</strong></span> <span class='ocrx_word' id='word_1_48' title='bbox 1329 2687 1442 2762; x_wconf 90' lang='lat' dir='ltr'><strong>virum</strong></span> <span class='ocrx_word' id='word_1_49' title='bbox 1469 2685 1708 2762; x_wconf 90' lang='lat' dir='ltr'><strong>doctissimum</strong></span> <span class='ocrx_word' id='word_1_50' title='bbox 1734 2689 1774 2764; x_wconf 82' lang='grc' dir='ltr'><strong>Τ.</strong></span> <span class='ocrx_word' id='word_1_51' title='bbox 1803 2685 1956 2787; x_wconf 83' lang='lat' dir='ltr'><strong>Zaaijer,</strong></span> <span class='ocrx_word' id='word_1_52' title='bbox 1989 2683 2231 2768; x_wconf 81' lang='lat' dir='ltr'><strong>Med.1&gt;oet.‚</strong></span> 
     </span>
     <span class='ocr_line' id='line_1_9' title="bbox 885 2801 2232 2894; baseline -0.004 -12"><span class='ocrx_word' id='word_1_53' title='bbox 885 2808 1033 2882; x_wconf 86' lang='lat' dir='ltr'><strong>alterum</strong></span> <span class='ocrx_word' id='word_1_54' title='bbox 1073 2807 1309 2881; x_wconf 89' lang='lat' dir='ltr'><strong>Proscctorem</strong></span> <span class='ocrx_word' id='word_1_55' title='bbox 1354 2805 1481 2881; x_wconf 79' lang='lat' dir='ltr'><strong>theatri</strong></span> <span class='ocrx_word' id='word_1_56' title='bbox 1515 2807 1699 2882; x_wconf 80' lang='lat' dir='ltr'><strong>anatomici</strong></span> <span class='ocrx_word' id='word_1_57' title='bbox 1734 2813 1889 2884; x_wconf 86' lang='lat' dir='ltr'><strong>creatum</strong></span> <span class='ocrx_word' id='word_1_58' title='bbox 1925 2829 2018 2894; x_wconf 88' lang='lat' dir='ltr'><strong>esse,</strong></span> <span class='ocrx_word' id='word_1_59' title='bbox 2053 2811 2089 2879; x_wconf 85' lang='lat' dir='ltr'><strong>et</strong></span> <span class='ocrx_word' id='word_1_60' title='bbox 2123 2801 2232 2877; x_wconf 83' lang='lat' dir='ltr'><strong>virum</strong></span> 
     </span>
     <span class='ocr_line' id='line_1_10' title="bbox 882 2921 2232 3026; baseline -0.004 -26"><span class='ocrx_word' id='word_1_61' title='bbox 882 2925 1125 3000; x_wconf 87' lang='lat' dir='ltr'><strong>doctissimum</strong></span> <span class='ocrx_word' id='word_1_62' title='bbox 1164 2925 1199 2998; x_wconf 87' lang='lat' dir='ltr'><strong>S.</strong></span> <span class='ocrx_word' id='word_1_63' title='bbox 1234 2927 1279 3000; x_wconf 82' lang='lat' dir='ltr'><strong>A.</strong></span> <span class='ocrx_word' id='word_1_64' title='bbox 1313 2927 1515 3026; x_wconf 81' lang='lat' dir='ltr'><strong>Boogaard‚</strong></span> <span class='ocrx_word' id='word_1_65' title='bbox 1560 2927 1794 3002; x_wconf 87' lang='lat' dir='ltr'><strong>Prosectorem</strong></span> <span class='ocrx_word' id='word_1_66' title='bbox 1831 2924 1956 3000; x_wconf 87' lang='lat' dir='ltr'><strong>theatri</strong></span> <span class='ocrx_word' id='word_1_67' title='bbox 1980 2921 2232 3010; x_wconf 86' lang='lat' dir='ltr'><strong>anatomici,a</strong></span> 
     </span>
     <span class='ocr_line' id='line_1_11' title="bbox 878 3042 2229 3146; baseline -0.004 -26"><span class='ocrx_word' id='word_1_68' title='bbox 878 3045 978 3146; x_wconf 81' lang='lat' dir='ltr'><strong>Rege</strong></span> <span class='ocrx_word' id='word_1_69' title='bbox 1007 3043 1289 3144; x_wconf 82' lang='lat' dir='ltr'><strong>Angustissimo,</strong></span> <span class='ocrx_word' id='word_1_70' title='bbox 1323 3043 1426 3120; x_wconf 89' lang='lat' dir='ltr'><strong>titulo</strong></span> <span class='ocrx_word' id='word_1_71' title='bbox 1455 3046 1661 3122; x_wconf 84' lang='lat' dir='ltr'><strong>Professoris</strong></span> <span class='ocrx_word' id='word_1_72' title='bbox 1698 3044 1961 3122; x_wconf 83' lang='lat' dir='ltr'><strong>extraordinarii</strong></span> <span class='ocrx_word' id='word_1_73' title='bbox 1985 3050 2020 3119; x_wconf 91' lang='lat' dir='ltr'><strong>et</strong></span> <span class='ocrx_word' id='word_1_74' title='bbox 2046 3042 2229 3117; x_wconf 83' lang='lat' dir='ltr'><strong>Conserva-</strong></span> 
     </span>
     <span class='ocr_line' id='line_1_12' title="bbox 876 3163 1619 3244; baseline 0.001 -4"><span class='ocrx_word' id='word_1_75' title='bbox 876 3164 960 3240; x_wconf 90' lang='lat' dir='ltr'><strong>toris</strong></span> <span class='ocrx_word' id='word_1_76' title='bbox 985 3164 1104 3240; x_wconf 89' lang='lat' dir='ltr'><strong>Musei</strong></span> <span class='ocrx_word' id='word_1_77' title='bbox 1125 3163 1323 3239; x_wconf 87' lang='lat' dir='ltr'><strong>Anatomici</strong></span> <span class='ocrx_word' id='word_1_78' title='bbox 1343 3173 1505 3244; x_wconf 88' lang='lat' dir='ltr'><strong>ornatum</strong></span> <span class='ocrx_word' id='word_1_79' title='bbox 1534 3190 1619 3241; x_wconf 88' lang='lat' dir='ltr'><strong>esse.</strong></span> 
     </span>
    </p>

    <p class='ocr_par' dir='ltr' id='par_1_7' title="bbox 707 3280 2228 3741">
     <span class='ocr_line' id='line_1_13' title="bbox 707 3280 2228 3384; baseline -0.005 -24"><span class='ocrx_word' id='word_1_80' title='bbox 707 3284 774 3360; x_wconf 92' lang='lat' dir='ltr'><strong>Die</strong></span> <span class='ocrx_word' id='word_1_81' title='bbox 805 3287 852 3362; x_wconf 79' lang='lat'><strong>25</strong></span> <span class='ocrx_word' id='word_1_82' title='bbox 877 3309 925 3360; x_wconf 90' lang='lat' dir='ltr'><strong>m.</strong></span> <span class='ocrx_word' id='word_1_83' title='bbox 952 3283 1179 3384; x_wconf 89' lang='lat' dir='ltr'><strong>Septembris.</strong></span> <span class='ocrx_word' id='word_1_84' title='bbox 1229 3282 1294 3358; x_wconf 89' lang='lat' dir='ltr'><strong>Vir</strong></span> <span class='ocrx_word' id='word_1_85' title='bbox 1314 3283 1525 3358; x_wconf 89' lang='lat' dir='ltr'><strong>clarissimus</strong></span> <span class='ocrx_word' id='word_1_86' title='bbox 1547 3285 1592 3358; x_wconf 91' lang='lat' dir='ltr'><strong>D.</strong></span> <span class='ocrx_word' id='word_1_87' title='bbox 1615 3285 1759 3359; x_wconf 89' lang='lat' dir='ltr'><strong>Bierena</strong></span> <span class='ocrx_word' id='word_1_88' title='bbox 1784 3285 1828 3358; x_wconf 86' lang='lat' dir='ltr'><strong>de</strong></span> <span class='ocrx_word' id='word_1_89' title='bbox 1851 3283 1971 3370; x_wconf 89' lang='lat' dir='ltr'><strong>Hean,</strong></span> <span class='ocrx_word' id='word_1_90' title='bbox 1996 3283 2033 3355; x_wconf 94' lang='lat' dir='ltr'><strong>in</strong></span> <span class='ocrx_word' id='word_1_91' title='bbox 2055 3280 2228 3355; x_wconf 82' lang='lat' dir='ltr'><strong>Facultste</strong></span> 
     </span>
     <span class='ocr_line' id='line_1_14' title="bbox 876 3402 2227 3501; baseline -0.003 -25"><span class='ocrx_word' id='word_1_92' title='bbox 876 3403 971 3478; x_wconf 85' lang='lat' dir='ltr'><strong>Disc.</strong></span> <span class='ocrx_word' id='word_1_93' title='bbox 1011 3403 1126 3478; x_wconf 88' lang='lat' dir='ltr'><strong>Msth.</strong></span> <span class='ocrx_word' id='word_1_94' title='bbox 1167 3412 1203 3478; x_wconf 88' lang='lat' dir='ltr'><strong>et</strong></span> <span class='ocrx_word' id='word_1_95' title='bbox 1240 3402 1344 3501; x_wconf 82' lang='lat' dir='ltr'>Phys.</span> <span class='ocrx_word' id='word_1_96' title='bbox 1381 3402 1556 3478; x_wconf 79' lang='lat' dir='ltr'><strong>Professor</strong></span> <span class='ocrx_word' id='word_1_97' title='bbox 1592 3402 1881 3478; x_wconf 82' lang='lat' dir='ltr'><strong>extraordinarius</strong></span> <span class='ocrx_word' id='word_1_98' title='bbox 1916 3407 2071 3488; x_wconf 87' lang='lat' dir='ltr'><strong>oreatus,</strong></span> <span class='ocrx_word' id='word_1_99' title='bbox 2102 3421 2227 3473; x_wconf 90' lang='lat' dir='ltr'><strong>munus</strong></span> 
     </span>
     <span class='ocr_line' id='line_1_15' title="bbox 877 3516 2225 3620; baseline -0.006 -24"><span class='ocrx_word' id='word_1_100' title='bbox 877 3522 1078 3620; x_wconf 86' lang='lat' dir='ltr'><strong>auspicatus</strong></span> <span class='ocrx_word' id='word_1_101' title='bbox 1116 3532 1170 3598; x_wconf 90' lang='lat' dir='ltr'><strong>est</strong></span> <span class='ocrx_word' id='word_1_102' title='bbox 1202 3522 1321 3598; x_wconf 88' lang='lat' dir='ltr'><strong>habita</strong></span> <span class='ocrx_word' id='word_1_103' title='bbox 1358 3522 1531 3612; x_wconf 85' lang='lat' dir='ltr'><strong>oratione,</strong></span> <span class='ocrx_word' id='word_1_104' title='bbox 1568 3525 1625 3598; x_wconf 89' lang='lat' dir='ltr'><strong>cui</strong></span> <span class='ocrx_word' id='word_1_105' title='bbox 1662 3523 1804 3612; x_wconf 87' lang='lat' dir='ltr'><strong>titulus,</strong></span> <span class='ocrx_word' id='word_1_106' title='bbox 1839 3545 1996 3596; x_wconf 89' lang='lat' dir='ltr'><strong>sermone</strong></span> <span class='ocrx_word' id='word_1_107' title='bbox 2030 3516 2225 3593; x_wconf 84' lang='lat' dir='ltr'><strong>vernaculo:</strong></span> 
     </span>
     <span class='ocr_line' id='line_1_16' title="bbox 886 3637 2205 3741; baseline -0.005 -25"><span class='ocrx_word' id='word_1_108' title='bbox 886 3641 976 3716; x_wconf 82' lang='lat' dir='ltr'><strong>Over</strong></span> <span class='ocrx_word' id='word_1_109' title='bbox 1002 3643 1045 3718; x_wconf 82' lang='lat' dir='ltr'><strong>de</strong></span> <span class='ocrx_word' id='word_1_110' title='bbox 1069 3649 1163 3741; x_wconf 56' lang='grc' dir='ltr'><strong>παρέ</strong></span> <span class='ocrx_word' id='word_1_111' title='bbox 1182 3666 1247 3716; x_wconf 82' lang='lat' dir='ltr'><strong>uun</strong></span> <span class='ocrx_word' id='word_1_112' title='bbox 1273 3641 1331 3714; x_wconf 77' lang='lat' dir='ltr'><strong>het</strong></span> <span class='ocrx_word' id='word_1_113' title='bbox 1352 3643 1580 3740; x_wconf 51' lang='lat' dir='ltr'><strong>sconensceid</strong></span> <span class='ocrx_word' id='word_1_114' title='bbox 1601 3643 1866 3716; x_wconf 83' lang='lat' dir='ltr'><strong>oabcatoandore</strong></span> <span class='ocrx_word' id='word_1_115' title='bbox 1885 3643 1922 3716; x_wconf 81' lang='lat' dir='ltr'><strong>in</strong></span> <span class='ocrx_word' id='word_1_116' title='bbox 1945 3642 1987 3715; x_wconf 84' lang='lat' dir='ltr'><strong>de</strong></span> <span class='ocrx_word' id='word_1_117' title='bbox 2018 3637 2205 3712; x_wconf 68' lang='lat' dir='ltr'><strong>Worunde.</strong></span> 
     </span>
    </p>

    <p class='ocr_par' dir='ltr' id='par_1_8' title="bbox 711 3756 2228 4076">
     <span class='ocr_line' id='line_1_17' title="bbox 711 3756 2227 3852; baseline -0.004 -17"><span class='ocrx_word' id='word_1_118' title='bbox 711 3760 779 3835; x_wconf 88' lang='lat' dir='ltr'><strong>Die</strong></span> <span class='ocrx_word' id='word_1_119' title='bbox 810 3762 858 3836; x_wconf 78' lang='grc'><strong>33</strong></span> <span class='ocrx_word' id='word_1_120' title='bbox 883 3781 929 3835; x_wconf 90' lang='lat' dir='ltr'><strong>m.</strong></span> <span class='ocrx_word' id='word_1_121' title='bbox 955 3759 1178 3835; x_wconf 75' lang='lat' dir='ltr'><strong>Novembris.</strong></span> <span class='ocrx_word' id='word_1_122' title='bbox 1228 3760 1434 3834; x_wconf 81' lang='lat' dir='ltr'><strong>Raeitontnr</strong></span> <span class='ocrx_word' id='word_1_123' title='bbox 1467 3756 1585 3836; x_wconf 82' lang='lat' dir='ltr'><strong>lit&#39;erao</strong></span> <span class='ocrx_word' id='word_1_124' title='bbox 1615 3761 1824 3836; x_wconf 70' lang='lat' dir='ltr'><strong>tiaratorum</strong></span> <span class='ocrx_word' id='word_1_125' title='bbox 1852 3761 1888 3836; x_wconf 90' lang='lat' dir='ltr'><strong>d.</strong></span> <span class='ocrx_word' id='word_1_126' title='bbox 1913 3761 1949 3836; x_wconf 92' lang='lat' dir='ltr'><strong>d.</strong></span> <span class='ocrx_word' id='word_1_127' title='bbox 1973 3763 2018 3836; x_wconf 79' lang='lat'><strong>27</strong></span> <span class='ocrx_word' id='word_1_128' title='bbox 2040 3781 2087 3834; x_wconf 87' lang='lat' dir='ltr'><strong>ru.</strong></span> <span class='ocrx_word' id='word_1_129' title='bbox 2117 3759 2227 3852; x_wconf 79' lang='lat' dir='ltr'><strong>Aug..</strong></span> 
     </span>
     <span class='ocr_line' id='line_1_18' title="bbox 881 3875 2228 3955; baseline -0.006 -1"><span class='ocrx_word' id='word_1_130' title='bbox 881 3881 1049 3955; x_wconf 87' lang='lat' dir='ltr'><strong>Senatum</strong></span> <span class='ocrx_word' id='word_1_131' title='bbox 1086 3879 1267 3952; x_wconf 90' lang='lat' dir='ltr'><strong>certiorem</strong></span> <span class='ocrx_word' id='word_1_132' title='bbox 1303 3878 1503 3953; x_wconf 83' lang='lat' dir='ltr'><strong>iacientium</strong></span> <span class='ocrx_word' id='word_1_133' title='bbox 1537 3879 1796 3954; x_wconf 87' lang='lat' dir='ltr'><strong>ornatissimum</strong></span> <span class='ocrx_word' id='word_1_134' title='bbox 1832 3883 1877 3954; x_wconf 83' lang='lat' dir='ltr'><strong>A.</strong></span> <span class='ocrx_word' id='word_1_135' title='bbox 1910 3904 1973 3954; x_wconf 89' lang='lat' dir='ltr'><strong>van</strong></span> <span class='ocrx_word' id='word_1_136' title='bbox 2009 3875 2228 3953; x_wconf 81' lang='lat' dir='ltr'><strong>Hennelrcler</strong></span> 
     </span>
     <span class='ocr_line' id='line_1_19' title="bbox 876 3996 1592 4076; baseline -0.001 -1"><span class='ocrx_word' id='word_1_137' title='bbox 876 3999 1024 4076; x_wconf 88' lang='lat' dir='ltr'><strong>alterum</strong></span> <span class='ocrx_word' id='word_1_138' title='bbox 1047 3996 1300 4073; x_wconf 83' lang='lat' dir='ltr'><strong>observatorem</strong></span> <span class='ocrx_word' id='word_1_139' title='bbox 1326 4007 1480 4073; x_wconf 90' lang='lat' dir='ltr'><strong>creatum</strong></span> <span class='ocrx_word' id='word_1_140' title='bbox 1507 4023 1592 4074; x_wconf 87' lang='lat' dir='ltr'><strong>esse.</strong></span> 
     </span>
    </p>
   </div>
   <div class='ocr_carea' id='block_1_5' title="bbox 1380 4149 1558 4236">
    <p class='ocr_par' dir='ltr' id='par_1_9' title="bbox 1380 4149 1558 4236">
     <span class='ocr_line' id='line_1_20' title="bbox 1380 4149 1558 4236; baseline 0.006 -2"><span class='ocrx_word' id='word_1_141' title='bbox 1380 4149 1423 4235; x_wconf 75' lang='grc' dir='ltr'><strong>Α.</strong></span> <span class='ocrx_word' id='word_1_142' title='bbox 1453 4163 1558 4236; x_wconf 79' lang='grc'><strong>1864.</strong></span> 
     </span>
    </p>
   </div>
   <div class='ocr_carea' id='block_1_6' title="bbox 712 4347 2300 4926">
    <p class='ocr_par' dir='ltr' id='par_1_10' title="bbox 712 4347 2226 4668">
     <span class='ocr_line' id='line_1_21' title="bbox 712 4347 2225 4441; baseline -0.007 -13"><span class='ocrx_word' id='word_1_143' title='bbox 712 4353 779 4429; x_wconf 88' lang='lat' dir='ltr'><strong>Die</strong></span> <span class='ocrx_word' id='word_1_144' title='bbox 809 4356 855 4428; x_wconf 83' lang='lat'><strong>13</strong></span> <span class='ocrx_word' id='word_1_145' title='bbox 879 4379 926 4430; x_wconf 92' lang='lat' dir='ltr'><strong>m.</strong></span> <span class='ocrx_word' id='word_1_146' title='bbox 952 4353 1115 4428; x_wconf 85' lang='lat' dir='ltr'><strong>Ianuarii.</strong></span> <span class='ocrx_word' id='word_1_147' title='bbox 1167 4351 1372 4427; x_wconf 86' lang='lat' dir='ltr'><strong>Recitantur</strong></span> <span class='ocrx_word' id='word_1_148' title='bbox 1404 4353 1521 4428; x_wconf 84' lang='lat' dir='ltr'><strong>literae</strong></span> <span class='ocrx_word' id='word_1_149' title='bbox 1553 4353 1781 4441; x_wconf 80' lang='lat' dir='ltr'><strong>curatorum,</strong></span> <span class='ocrx_word' id='word_1_150' title='bbox 1807 4354 1841 4430; x_wconf 89' lang='lat' dir='ltr'><strong>d.</strong></span> <span class='ocrx_word' id='word_1_151' title='bbox 1864 4354 1897 4427; x_wconf 89' lang='lat' dir='ltr'><strong>d.</strong></span> <span class='ocrx_word' id='word_1_152' title='bbox 1926 4357 2020 4425; x_wconf 76' lang='lat' dir='ltr'><strong>tm.</strong></span> <span class='ocrx_word' id='word_1_153' title='bbox 2044 4350 2141 4437; x_wconf 89' lang='lat' dir='ltr'><strong>Ian.,</strong></span> <span class='ocrx_word' id='word_1_154' title='bbox 2167 4347 2225 4419; x_wconf 86' lang='lat' dir='ltr'><strong>Se·</strong></span> 
     </span>
     <span class='ocr_line' id='line_1_22' title="bbox 880 4467 2226 4572; baseline -0.007 -24"><span class='ocrx_word' id='word_1_155' title='bbox 880 4479 1002 4549; x_wconf 89' lang='lat' dir='ltr'><strong>natum</strong></span> <span class='ocrx_word' id='word_1_156' title='bbox 1027 4473 1206 4549; x_wconf 87' lang='lat' dir='ltr'><strong>certiorem</strong></span> <span class='ocrx_word' id='word_1_157' title='bbox 1240 4471 1439 4547; x_wconf 84' lang='lat' dir='ltr'><strong>iacientium</strong></span> <span class='ocrx_word' id='word_1_158' title='bbox 1471 4473 1517 4546; x_wconf 93' lang='lat' dir='ltr'><strong>N.</strong></span> <span class='ocrx_word' id='word_1_159' title='bbox 1543 4472 1759 4547; x_wconf 84' lang='lat' dir='ltr'><strong>Haremalrer</strong></span> <span class='ocrx_word' id='word_1_160' title='bbox 1792 4471 1965 4572; x_wconf 81' lang='lat' dir='ltr'><strong>padellam</strong></span> <span class='ocrx_word' id='word_1_161' title='bbox 1993 4467 2226 4545; x_wconf 86' lang='lat' dir='ltr'><strong>academicum</strong></span> 
     </span>
     <span class='ocr_line' id='line_1_23' title="bbox 878 4599 1150 4668; baseline -0.011 0"><span class='ocrx_word' id='word_1_162' title='bbox 878 4599 1032 4668; x_wconf 87' lang='lat' dir='ltr'><strong>creatum</strong></span> <span class='ocrx_word' id='word_1_163' title='bbox 1057 4615 1150 4666; x_wconf 88' lang='lat' dir='ltr'><strong>esse:</strong></span> 
     </span>
    </p>

    <p class='ocr_par' dir='ltr' id='par_1_11' title="bbox 880 4703 2300 4926">
     <span class='ocr_line' id='line_1_24' title="bbox 930 4703 2224 4808; baseline -0.007 -23"><span class='ocrx_word' id='word_1_164' title='bbox 930 4709 1117 4785; x_wconf 84' lang='lat' dir='ltr'><strong>Candidati</strong></span> <span class='ocrx_word' id='word_1_165' title='bbox 1142 4719 1308 4808; x_wconf 89' lang='lat' dir='ltr'><strong>quatuor,</strong></span> <span class='ocrx_word' id='word_1_166' title='bbox 1340 4733 1359 4782; x_wconf 88' lang='lat' dir='ltr'><strong>e</strong></span> <span class='ocrx_word' id='word_1_167' title='bbox 1383 4707 1512 4806; x_wconf 90' lang='lat' dir='ltr'><strong>quibus</strong></span> <span class='ocrx_word' id='word_1_168' title='bbox 1532 4709 1568 4782; x_wconf 94' lang='lat' dir='ltr'><strong>in</strong></span> <span class='ocrx_word' id='word_1_169' title='bbox 1593 4734 1724 4784; x_wconf 88' lang='lat' dir='ltr'><strong>annum</strong></span> <span class='ocrx_word' id='word_1_170' title='bbox 1738 4711 1931 4808; x_wconf 82' lang='lat' dir='ltr'><strong>proximum</strong></span> <span class='ocrx_word' id='word_1_171' title='bbox 1949 4703 2224 4803; x_wconf 80' lang='lat' dir='ltr'><strong>RectorMagni·</strong></span> 
     </span>
     <span class='ocr_line' id='line_1_25' title="bbox 880 4813 2300 4926; baseline -0.004 -22"><span class='ocrx_word' id='word_1_172' title='bbox 880 4831 967 4905; x_wconf 87' lang='lat' dir='ltr'><strong>ficus</strong></span> <span class='ocrx_word' id='word_1_173' title='bbox 991 4853 1012 4903; x_wconf 91' lang='lat' dir='ltr'><strong>a</strong></span> <span class='ocrx_word' id='word_1_174' title='bbox 1033 4829 1131 4926; x_wconf 83' lang='lat' dir='ltr'><strong>Rege</strong></span> <span class='ocrx_word' id='word_1_175' title='bbox 1152 4827 1398 4914; x_wconf 88' lang='lat' dir='ltr'><strong>constituatur,</strong></span> <span class='ocrx_word' id='word_1_176' title='bbox 1425 4827 1650 4926; x_wconf 81' lang='lat' dir='ltr'><strong>designantur</strong></span> <span class='ocrx_word' id='word_1_177' title='bbox 1679 4829 1741 4902; x_wconf 87' lang='lat' dir='ltr'><strong>viri</strong></span> <span class='ocrx_word' id='word_1_178' title='bbox 1768 4827 1966 4903; x_wconf 84' lang='lat' dir='ltr'><strong>clarissimi:</strong></span> <span class='ocrx_word' id='word_1_179' title='bbox 2297 4813 2300 4818; x_wconf 63' lang='grc'>’</span> 
     </span>
    </p>
   </div>
   <div class='ocr_carea' id='block_1_7' title="bbox 0 0 2470 6176">
    <p class='ocr_par' dir='ltr' id='par_1_12' title="bbox 0 0 2470 6176">
     <span class='ocr_line' id='line_1_26' title="bbox 0 0 2470 6176; baseline 0 3"><span class='ocrx_word' id='word_1_180' title='bbox 0 0 2470 6176; x_wconf 95' lang='lat' dir='ltr'><strong> </strong></span> 
     </span>
    </p>
   </div>
  </div>
 </body>
</html>
