4930 6176
871 670 1151 741 ORATIO.
1733 667 1778 742 28

128 857 134 868 ³
298 880 349 956 Ut
368 886 428 956 aet
451 877 524 958 rita
543 875 728 956 homiuum
751 901 796 954 ex
817 879 950 957 botibe
968 889 1008 958 et
1031 903 1186 956 mucrore
1206 879 1334 969 mixta,
1361 903 1472 979 quum
1495 879 1641 958 aliomm
1663 878 1775 960 vicum

247 999 444 1090 delubrum,
476 1007 556 1076 tum
596 1023 639 1074 en
668 998 914 1076 nonnullorum
939 1000 1103 1076 {elicitus
1126 999 1296 1101 gaudium
1323 1001 1489 1101 ominus.

299 1120 438 1220 Nempe
470 1143 613 1208 omues,
646 1117 700 1194 01.
722 1117 828 1218 Bijka
852 1127 890 1195 et
910 1121 1120 1210 Goudsmit,
1141 1121 1300 1219 cepimus
1325 1120 1433 1195 animi
1453 1119 1623 1220 gaudium
1649 1144 1692 1194 ex
1710 1141 1774 1210 eo,

247 1239 346 1342 quod
374 1240 452 1316 ilex
478 1237 753 1338 angustissimus
783 1239 908 1316 merite
941 1248 1053 1316 vestra
1075 1239 1272 1340 insignibus
1296 1238 1429 1316 ordinis
1454 1240 1580 1315 leonis
1606 1239 1773 1315 Neerlan·

249 1359 320 1438 dici
342 1360 505 1438 demae
530 1358 649 1435 voluit
701 1358 794 1434 Sunt
813 1359 877 1458 qni
898 1359 980 1436 telis
1004 1361 1101 1461 parvi
1121 1359 1234 1436 facere
1260 1359 1369 1434 videri
1392 1359 1530 1450 volunt,
1556 1359 1618 1434 scd
1638 1361 1774 1436 utinam

247 1477 440 1556 Academia
474 1475 798 1576 Lugdunus-Batava
829 1476 936 1556 etiam
972 1478 1011 1552 in
1045 1503 1088 1556 aa
1118 1504 1156 1555 re
1195 1480 1326 1555 multos
1361 1503 1496 1579 semper
1526 1478 1652 1554 habmt
1678 1477 1775 1554 vobis

247 1599 399 1689 deine,
427 1623 578 1698 namqu
608 1597 762 1696 Principi
796 1607 832 1674 et
857 1599 1076 1698 principibus
1101 1599 1272 1699 placuisse
1295 1600 1375 1674 viris
1395 1623 1464 1675 non
1491 1599 1632 1689 murno,
1657 1599 1694 1673 id
1719 1604 1774 1674 est

245 1718 426 1819 primaria,
451 1719 528 1796 lans
550 1725 616 1794 est.

295 1839 351 1916 Da
385 1838 598 1914 Academico
626 1843 795 1937 apparatu
825 1845 862 1912 et
890 1839 1122 1914 instrumento
1144 1863 1256 1939 panea
1278 1845 1362 1918 snut
1382 1861 1471 1938 quse
1491 1861 1770 1914 commemorem.

246 1958 338 2034 Sunt
362 1959 538 2057 qnmdam
567 1965 698 2034 vetem
729 1958 909 2057 querelae,
944 1983 1032 2058 quas
1065 1975 1135 2034 non
1169 1983 1337 2058 recoqnoe
1371 1959 1457 2058 quid
1488 1958 1582 2032 enim
1603 1958 1671 2032 nisi
1693 1965 1773 2033 vota

246 2086 433 2179 supersunt
461 2101 573 2178 eaque
600 2077 738 2153 sterilia
790 2077 1010 2153 Bibliotheca
1032 2079 1240 2155 Academica
1264 2087 1326 2154 tua
1352 2079 1502 2156 sollertia
1524 2088 1559 2154 et
1580 2077 1772 2170 industria,-

245 2198 300 2274 ot
322 2198 513 2300 Pluygun,
547 2198 598 2274 sio
623 2197 809 2274 instruitur
833 2207 869 2273 et
890 2208 1054 2288 ornatur,
1080 2208 1122 2274 nt
1146 2199 1304 2276 futurum
1331 2200 1376 2274 sit
1395 2199 1594 2299 propediem
1619 2197 1657 2272 id
1680 2197 1775 2298 quod

248 2323 352 2394 autea
372 2342 585 2418 numquam,
609 2326 650 2392 ut
674 2318 751 2418 ipsc
770 2317 986 2394 Bibliotheca
1008 2317 1201 2417 legentium
1224 2317 1342 2392 studia
1370 2317 1498 2392 alliciat
1520 2316 1713 2416 foveatque.

323 2439 471 2538 Speculo
489 2438 712 2514 &mandis
728 2437 930 2537 corporibus
948 2438 1154 2514 coelestibus
1176 2463 1306 2513 novum
1325 2445 1426 2513 necta
1445 2445 1499 2512 est
1517 2437 1772 2512 observatorem

250 2557 489 2636 doctissimum
517 2581 583 2634 van
605 2558 849 2648 Hennakelcr,
881 2559 939 2634 cui
960 2583 1088 2634 novum
1115 2558 1267 2633 officium
1293 2559 1526 2658 gratulemur,
1549 2557 1652 2631 sicuti
1672 2556 1773 2647 Tibi,

246 2675 300 2752 ol.
324 2677 469 2767 Kaisar,
500 2703 635 2754 novum
667 2679 824 2754 laborum
838 2679 1046 2756 ,anismam
1068 2703 1110 2754 ac
1133 2679 1279 2754 sceinm.
1330 2679 1486 2765 Scimus,
1517 2701 1557 2752 ac
1583 2675 1663 2751 'I'ibi
1684 2677 1774 2752 affir-

244 2798 356 2874 manti
378 2798 479 2875 laoile
500 2801 698 2890 credimus,
724 2799 778 2877 Ol.
789 2799 935 2889 Kaisar,
960 2799 1066 2874 etiam
1092 2799 1129 2872 in
1148 2799 1210 2894 illa
1231 2821 1269 2874 re
1292 2797 1379 2872 nihil
1399 2821 1475 2872 esse
1493 2796 1538 2872 ab
1562 2796 1658 2870 omni
1676 2803 1774 2895 parte

70 2951 79 2954 ·
245 2917 408 3008 beatum,
437 2920 500 2995 sed
528 2920 637 2995 donec
665 2921 714 2994 Tc
739 2919 945 2995 habebimus
971 2920 1016 2993 de
1042 2919 1136 2994 coelo
1161 2943 1230 2992 non
1254 2927 1306 2993 ast
1331 2917 1597 3017 desperandum.

259 3087 263 3098 -
293 3038 387 3114 (tum
411 3040 604 3116 multorum
627 3039 797 3118 desiderio
820 3039 1040 3115 doctissimus
1064 3039 1194 3114 Koster
1218 3063 1240 3114 a
1265 3039 1370 3113 nobis
1393 3037 1551 3112 discessit
1574 3037 1774 3112 cathedram

245 3155 507 3234 Ultraieotinam
540 3167 739 3239 ornaturus.
806 3157 1004 3234 Substitutu
1034 3159 1071 3232 in
1101 3159 1196 3234 illius
1225 3159 1339 3233 locum
1377 3157 1774 3252 eruditissimobsaijsr

245 3274 335 3350 illud
363 3299 495 3352 nunus
517 3278 739 3377 gratulamur
758 3285 795 3352 et
819 3277 972 3352 eundem
994 3278 1158 3359 bonorem
1183 3277 1371 3376 aliquando
1390 3299 1606 3375 auguramur
1633 3275 1694 3349 sed
1721 3275 1771 3350 sio

248 3401 290 3468 st
311 3400 415 3470 autea
434 3420 482 3470 ¹ars
502 3396 596 3472 illius
611 3398 746 3474 meritis
764 3404 802 3472 et
825 3397 976 3472 sollertia
998 3397 1166 3472 eximium
1189 3397 1342 3472 fructum
1364 3395 1554 3472 Academia
1576 3395 1767 3496 Lugdunu-

245 3513 377 3589 Betava
401 3515 527 3614 capiat.

295 3635 494 3710 Luctuosus
523 3644 559 3711 et
584 3638 802 3714 calamitosus
828 3661 940 3712 annus
963 3636 1031 3710 fuit
1054 3637 1239 3711 immatura
1265 3644 1374 3711 morta
1396 3635 1645 3736 complurium,
1672 3659 1759 3734 quos

246 3761 359 3828 acute
376 3755 555 3846 florentes,
581 3757 719 3832 delicias
740 3783 780 3832 ac
800 3782 897 3856 apem
918 3782 1059 3832 suorum
1085 3781 1124 3831 ac
1145 3765 1298 3831 nostram
1321 3755 1499 3831 deflemus.
1540 3755 1659 3854 Erepti
1679 3763 1762 3828 sunt
1873 3836 1878 3844 ,

245 3873 348 3948 nobis
368 3899 429 3952 sex
449 3876 574 3975 optimi
596 3878 849 3954 addesoentea:
867 3876 927 3952 alii
945 3877 982 3952 in
1004 3876 1116 3976 primo
1140 3876 1253 3951 stadio
1272 3876 1318 3950 ad
1336 3899 1506 3965 carceres,
1522 3875 1579 3949 alii
1591 3875 1629 3948 in
1649 3872 1765 3948 medio

245 4015 369 4081 mutan,
413 3993 473 4068 alii
512 3995 561 4070 ed
597 3994 709 4094 ipsam
744 4019 850 4095 prope
887 4002 1017 4070 metam
1058 3993 1253 4072 studiorum
1289 3995 1513 4072 conoidernnt
1555 3992 1765 4069 montissimi

244 4111 431 4204 Kreusis,
456 4117 524 4190 ian
549 4115 755 4216 lbyliugan,
780 4139 847 4190 van
866 4114 935 4190 deu
955 4114 1090 4204 Broelr,
1115 4115 1301 4214 Vnistiug,
1326 4118 1436 4191 Barna
1460 4123 1496 4190 at
1521 4113 1764 4188 Mosselmaus.

246 4231 282 4306 Ο
300 4255 381 4329 spes
399 4233 583 4315 homirnum
594 4235 731 4312 tellanas
749 4243 788 4311 et
805 4235 966 4311 lubricas.
1014 4236 1137 4310 Flebili
1162 4235 1332 4311 desiderio
1354 4233 1502 4335 optimos
1524 4235 1665 4308 iuvenes
1681 4255 1760 4330 prc-

247 4374 435 4448 scpuamur
466 4359 514 4428 et·
539 4355 596 4454 pie
624 4381 744 4432 eorum
770 4357 969 4432 menonem
996 4355 1210 4432 smvabimus
1235 4365 1413 4456 parentes,
1447 4355 1606 4456 cognati,
1640 4353 1762 4442 amici,

244 4479 533 4691 migne
552 4595 800 4671 acerbitatibus
817 4599 908 4670 sunt
931 4595 1088 4695 opposita
1111 4595 1239 4695 gaudia
1254 4602 1350 4694 *quae
1373 4619 1417 4669 cx
1440 4595 1661 4670 alumnorum
1682 4615 1749 4670 nus

244 4718 379 4786 uarum
410 4709 575 4789 tensium
604 4723 641 4790 et
666 4715 794 4790 doute
820 4715 985 4815 remmus
1035 4715 1213 4794 Enimium
1237 4737 1300 4815 par
1322 4709 1531 4805 amicornm,
1556 4713 1774 4795 amatissimi'

250 4829 335 4906 sue
359 4831 508 4912 Numa
520 4841 564 4909 et
583 4834 723 4926 Kroon,
749 4861 837 4935 quos
859 4836 949 4928 uitae
967 4835 1163 4912 coniunctio
1183 4836 1453 4926 consociaverat,
1480 4835 1619 4912 cosdem
1641 4834 1770 4914 nabide
