4908 6174
599 715 602 722 ,
714 667 907 732 sanius
942 620 1271 733 nacrrou'uu.
1688 669 1749 732 101

329 872 530 946 Doctrinam
572 869 770 944 morborum
811 859 1038 970 singularium
1082 873 1212 961 tradet,
1253 873 1376 948 diebus
1414 875 1553 962 Lunae,

378 989 505 1065 Martis
528 999 563 1062 at
587 989 698 1076 Iovis,
734 1046 743 1065 .
778 1047 1552 1069 ......................
1586 993 1668 1066 bora
1685 992 1750 1068 IX.

330 1109 454 1185 Praxin
476 1108 645 1184 modicam
667 1111 711 1184 ad
728 1109 870 1184 lectulos
887 1111 1139 1208 aegrotantium
1157 1112 1406 1199 moderabitur,
1432 1113 1556 1186 diebus

378 1229 524 1328 singulis
533 1285 1553 1316 .............................
1704 1231 1748 1307 Χ.

232 1360 266 1421 lt.
287 1359 333 1419 w.
354 1359 531 1418 Kutltultlt
551 1349 732 1424 Theoriam
763 1348 963 1446 disciplinae
995 1348 1218 1448 Chirurgicce
1243 1357 1408 1448 exponet,
1434 1349 1558 1424 diebus

282 1471 419 1557 Lunae,
444 1469 609 1543 Mercurii
633 1479 668 1544 at
693 1469 853 1557 Veneris,
889 1527 1406 1544 ...............
1421 1529 1442 1564 s.
1471 1525 1479 1544 .
1507 1525 1551 1544 ..
1686 1469 1752 1544 XI.

332 1587 644 1662 Exercitationibns
663 1588 795 1663 clinicis
816 1588 852 1661 in
875 1588 1082 1662 Nosocomio
1101 1589 1296 1664 academico
1315 1587 1483 1663 habendis
1503 1612 1558 1662 va-

380 1707 492 1794 oabit,
518 1707 672 1805 quotidie
678 1763 1556 1796 .........................
1703 1707 1752 1780 II.

332 1827 487 1928 Collegio
511 1828 657 1916 casuali,
682 1827 857 1928 quotidie,
888 1885 896 1901 .
933 1883 1559 1900 ..................
1665 1825 1750 1900 XII.

330 1949 556 2048 operationes
570 1948 779 2047 chirurgicus
795 1945 1061 2032 demonstrabit,
1088 1945 1181 2020 boris
1205 1945 1331 2019 deinde
1352 1942 1556 2019 indicandis.

332 2068 531 2142 Doctrinam
542 2067 586 2142 de
598 2067 725 2141 morbis
733 2067 909 2141 oculorum
923 2077 1083 2164 exponet,
1097 2064 1220 2138 diebus
1230 2064 1353 2138 Martis
1366 2063 1556 2150 etVaneris,
1722 2065 1751 2136 I.

332 2177 541 2262 Medicinam
569 2187 760 2273 forensem,
794 2184 919 2258 diebus
949 2184 1068 2258 Lunae
1094 2193 1129 2258 et
1155 2183 1246 2259 Iovia
1255 2240 1559 2272 .........
1725 2183 1754 2255 I.

237 2325 271 2380 Α.
293 2321 328 2380 R.
349 2317 475 2378 SIMON
497 2316 663 2376 THOMAS
683 2304 865 2380 Theoriam
895 2305 978 2378 artIa
1000 2304 1215 2378 obstetricias
1245 2313 1410 2402 exponet,
1437 2301 1560 2408 diebus

285 2425 428 2513 Martis,
460 2425 552 2498 Iovis
577 2433 612 2498 et
638 2425 779 2500 Saturni
787 2481 1309 2512 ...............
1336 2480 1345 2508 ,
1374 2481 1561 2496 ......
1654 2419 1755 2493 VIII.

334 2543 648 2619 Exercitationibns
681 2545 831 2633 clinicis,
863 2543 899 2617 in
928 2543 1135 2617 Nosocomio
1158 2543 1353 2617 academico
1376 2541 1563 2628 habendis,

383 2664 517 2738 vacabit
542 2664 715 2762 quotidie,
753 2718 1563 2740 .......................
1693 2659 1759 2732 ΙΧ.

212 2855 214 2860 ,
336 2783 535 2858 Doctrinam
561 2783 811 2882 Operationum
836 2783 968 2870 tradet,
994 2792 1029 2856 at
1049 2781 1319 2880 operationibus
1338 2781 1563 2866 obstetriciis,

385 2911 459 2976 tum
480 2902 516 2974 in
535 2902 625 3000 pelvi
641 2903 789 2990 factitia,
816 2910 890 2976 tum
905 2903 941 2975 in
958 2901 1120 2975 cadavere
1140 2899 1381 2987 instituendis,
1401 2899 1565 2998 praeerit,

385 3021 441 3095 dic
464 3021 650 3108 Mercurii,
682 3075 1563 3098 .........................
1729 3019 1760 3091 Ι.

337 3139 608 3238 Gynaecologiaa
643 3151 678 3215 at
714 3139 1093 3240 Gynaecopathologiae
1119 3141 1232 3240 capita
1269 3140 1395 3214 selecta
1432 3137 1564 3222 tradet,

385 3259 442 3334 die
466 3261 604 3348 Lunae,
640 3321 647 3335 .
682 3315 1456 3337 ......................
1711 3257 1759 3328 II.

339 3380 463 3454 Praxin
488 3380 741 3469 obstetriciam,
777 3390 853 3454 tum
876 3380 913 3454 in
941 3380 1151 3462 Nosocomio
1176 3378 1389 3464 academico,
1426 3387 1501 3449 tum
1529 3376 1564 3448 in

388 3499 583 3572 Policlinico
607 3500 823 3588 obstetricia,
849 3499 984 3598 quoties
1008 3521 1146 3572 necesse
1167 3497 1250 3584 erit,
1276 3495 1519 3570 moderabitur.

242 3631 282 3691 H.
302 3628 586 3702 natuturam,
607 3629 708 3691 lusu.
729 3619 814 3706 llil,
854 3617 1075 3692 Anatomiam
1106 3615 1286 3714 specialem
1321 3625 1356 3692 et
1382 3615 1563 3713 practicam

293 3735 444 3821 docebit,
476 3736 600 3810 diebus
624 3738 750 3811 Martis
773 3747 809 3812 et
833 3737 925 3810 Iovis
934 3793 1560 3824 ..................
1587 3733 1642 3807 ΙΧ
1662 3745 1696 3809 et
1710 3735 1756 3808 X.

341 3853 612 3953 Physiologiam,
649 3857 892 3956 experimentis
925 3865 960 3929 at
992 3855 1288 3928 observationibus
1314 3853 1565 3954 microscopiois

390 3973 615 4063 illustratam,
650 3975 775 4052 diebus
805 3978 926 4052 Lunae
956 3985 991 4050 at
1016 3974 1181 4049 Mercurii
1190 4031 1563 4062 ...........
1589 3971 1645 4046 IX
1665 3980 1700 4046 et
1713 3972 1760 4047 X.

340 4091 549 4192 Methodum
575 4096 714 4170 secandi
744 4097 926 4183 cadavera,
963 4094 1139 4194 quotidie,
1173 4093 1318 4168 hiberno
1342 4103 1497 4193 tempora
1523 4151 1566 4166 ..
1651 4090 1760 4164 I-IV.

342 4213 444 4288 Cum·
460 4213 638 4312 discipulis
658 4215 703 4290 de
727 4215 912 4290 Anatomia
935 4223 972 4288 at
1002 4213 1221 4313 Physiologia
1248 4213 1479 4311 colloquetur,
1510 4211 1566 4284 die

388 4329 535 4404 Veneris
541 4387 1566 4418 .............................
1592 4329 1648 4404 IX
1664 4340 1699 4406 et
1711 4330 1757 4406 X.

245 4463 270 4522 1.
300 4461 344 4523 lt.
373 4455 778 4541 ScHRAN'r,N10.Fil.,
806 4452 1046 4551 Pathologiam
1079 4451 1232 4537 docebit,
1267 4451 1391 4526 diebus
1427 4453 1566 4539 Lunna,

292 4571 419 4646 Martis
443 4581 478 4646 et
501 4573 611 4662 Iovis,
647 4627 1560 4650 ..........................
1729 4573 1759 4644 Ι.

342 4691 655 4767 Exercitationibus
691 4693 840 4780 clinicis,
880 4691 916 4764 in
953 4689 1159 4765 Nosocomio
1193 4689 1382 4777 habendis,
1420 4691 1567 4788 praeerit

393 4809 562 4907 quotidie,
599 4865 1563 4886 ...........................
1685 4808 1762 4896 ΧΙ,
