4930 6176
717 679 933 747 ruorcrr
970 681 1234 767 onoruuu.
1433 670 1457 696 Χ
1692 687 1739 752 as·

266 890 325 964 Ad
352 889 440 963 hanc
462 912 565 963 nemo
588 888 775 986 respondit.
826 891 884 964 Ad
905 889 997 964 illam
1024 915 1132 978 nnus,
1159 895 1221 991 qui
1242 893 1398 970 libellum
1422 893 1554 988 notavit
1572 890 1736 966 'Polleosii

215 1033 318 1084 versu
346 1011 426 1083 nEn
448 1009 568 1081 rckerrt
588 1009 622 1080 d'
641 1010 876 1108 attemptaret,
902 1035 1000 1082 moer
1023 1010 1086 1082 telt
1108 1009 1165 1082 let
1185 1013 1262 1084 dccl
1281 1012 1426 1084 alleca.”

265 1129 419 1226 Scriptor
451 1150 520 1200 non
557 1126 640 1200 satis
670 1135 810 1224 paratus
844 1127 890 1200 sd
920 1128 1155 1224 quaestionem
1183 1129 1366 1205 accessisse
1391 1129 1516 1202 Ordini
1543 1128 1639 1203 visus
1665 1140 1737 1215 est;

215 1273 297 1323 nam
335 1257 371 1321 et
405 1269 524 1320 verum
561 1271 601 1320 ac
635 1245 795 1320 limatum
819 1245 986 1320 iudicium
1016 1247 1048 1320 ei
1082 1247 1201 1322 deesse
1234 1258 1395 1344 apparet,
1429 1257 1464 1320 et
1491 1272 1570 1322 vero
1594 1248 1739 1322 latinae

216 1367 357 1467 linguae
384 1365 563 1440 scientiam
592 1373 720 1439 certam
746 1371 781 1438 et
806 1375 1012 1440 accuratam.
1064 1367 1208 1464 ltaque,
1234 1389 1447 1465 quamquam
1474 1390 1738 1464 nonnumquam

217 1487 418 1561 Ciceronem
443 1485 516 1558 iure
541 1485 761 1584 reprehendit
787 1493 822 1558 et
846 1486 1012 1560 nonnulle
1037 1487 1073 1559 in
1098 1486 1161 1560 hoc
1183 1511 1309 1585 genere
1335 1509 1412 1558 vere
1435 1485 1609 1584 disputat,
1636 1485 1739 1583 longe

218 1605 368 1704 plurima
390 1630 478 1703 quae
503 1606 612 1702 carpit
636 1605 709 1679 sine
737 1605 819 1678 vitio
846 1605 938 1680 dicto
963 1615 1055 1680 sunt.

268 1727 448 1800 Praeterea
481 1747 551 1798 nou
574 1739 663 1798 'raro
690 1724 726 1798 in
761 1749 819 1798 eos
852 1725 995 1798 oratoris
1029 1725 1119 1798 locos
1145 1725 1273 1799 involat
1302 1751 1389 1822 quos
1413 1737 1592 1824 corruptos
1618 1749 1695 1800 esse
1716 1751 1745 1800 a·

218 1843 299 1918 viris
323 1843 433 1918 doctis
456 1842 734 1918 domonstratum
761 1843 825 1931 sit,
862 1867 1009 1942 quorum
1036 1853 1166 1943 partem
1196 1843 1299 1918 etiem
1323 1844 1368 1918 ab
1395 1843 1518 1918 iisdem
1543 1845 1744 1919 luculentur·

216 1973 401 2038 correctam
426 1986 502 2035 esse
527 1971 674 2037 constet.

267 2083 385 2178 Atque
416 2080 452 2152 in
486 2079 690 2177 castigando
721 2078 885 2152 Cicerone
920 2081 1063 2178 scriptor
1087 2079 1291 2178 plerumque
1318 2083 1427 2155 utitur
1450 2083 1602 2156 oratione
1628 2105 1741 2180 neque

144 2249 162 2323 γ
216 2223 304 2299 pura
326 2221 441 2297 neque
462 2199 589 2297 polito,
615 2211 720 2297 atque
745 2224 765 2272 s
790 2223 868 2272 vera
890 2197 1081 2272 Latinitate
1103 2201 1342 2276 remotissime.

267 2321 392 2418 ltaque
412 2319 509 2392 Ordo
530 2318 665 2392 censuit
688 2341 756 2391 non
779 2318 831 2391 ita
854 2341 933 2392 eum
956 2317 1001 2392 ed
1025 2319 1265 2416 quaestionem
1287 2320 1506 2418 respondisse
1530 2331 1570 2394 ut
1590 2322 1742 2420 praemio

219 2439 333 2513 ornari
357 2439 475 2538 possit.

279 2557 406 2632 Verum
445 2580 567 2655 parum
608 2554 730 2630 hahuit
764 2553 907 2651 scriptor
942 2553 971 2626 si
1000 2554 1045 2628 sd
1075 2555 1184 2652 ipsam
1222 2558 1458 2654 quaestionem
1489 2559 1742 2656 respondisset,

223 2677 281 2752 oui
315 2677 397 2752 satis
426 2683 518 2750 esset
548 2674 677 2749 lactum
711 2674 740 2746 si
764 2697 807 2747 en
839 2672 1014 2747 Ciceronis
1049 2673 1262 2749 orationibus
1288 2677 1483 2776 collegisset
1510 2701 1600 2775 quae
1626 2677 1744 2774 aliquo

223 2796 327 2871 modo
358 2796 643 2895 reprehendenda
677 2794 893 2881 viderentur,
926 2803 961 2866 et
993 2793 1262 2870 demonstrasset
1291 2797 1374 2870 vitia
1395 2819 1484 2892 quae
1509 2803 1681 2882 notasset,
1706 2794 1744 2867 id

218 2915 313 3014 quod
336 2915 373 2988 in
400 2915 507 2992 alters
532 2914 645 3013 operis
671 2925 768 3012 parte
793 2923 937 2988 conatus
963 2921 1017 2987 est
1040 2913 1161 2989 facere.

272 3034 342 3110 Sed
382 3045 569 3133 antequam
612 3033 700 3108 hanc
734 3033 1062 3107 demonstrationem
1096 3035 1273 3132 ingressus
1305 3043 1377 3120 est,
1410 3033 1548 3108 duobus
1572 3033 1745 3132 capitibus

228 3153 433 3254 disputavit:
474 3153 539 3226 ude
566 3152 703 3227 iudiciis
729 3161 882 3227 veterum
920 3161 955 3226 et
986 3153 1216 3227 recentiorum
1243 3153 1287 3226 de
1313 3153 1487 3227 Ciceronis
1511 3153 1744 3251 eloquentia.”

230 3277 331 3354 Quae
363 3274 433 3348 duo
469 3273 602 3371 capitu,
634 3295 844 3371 quamquam
873 3296 942 3347 non
967 3273 1176 3359 necessaria,
1211 3282 1326 3346 tamen
1351 3282 1556 3370 argumento
1582 3272 1745 3345 coniunc-

221 3394 375 3482 tissima,
406 3417 487 3466 cum
518 3392 691 3490 scriptoris
719 3391 926 3466 industriam
958 3416 998 3466 ac
1030 3391 1245 3489 diligentiam
1272 3389 1365 3464 haud
1387 3391 1594 3466 mediocrem
1621 3390 1744 3488 proba·

221 3524 365 3601 verunt,
391 3522 469 3587 tum
494 3535 572 3586 vero
596 3511 727 3609 ingenii
752 3509 926 3608 quandum
954 3509 1164 3584 alacritatem
1190 3518 1224 3583 et
1246 3509 1463 3584 hilaritatem.

270 3633 392 3706 Oratio
414 3655 514 3730 porro
534 3631 571 3703 in
594 3639 667 3704 tota
691 3631 874 3728 scriptione
897 3629 1068 3703 eiusmodi
1089 3638 1161 3716 est,
1188 3639 1250 3716 ut,
1275 3653 1488 3727 quamquam
1511 3629 1547 3702 in
1569 3655 1610 3703 ea
1629 3653 1743 3729 repre·

222 3749 405 3824 hendendo
435 3759 517 3822 sunt
546 3747 715 3846 plurima,
749 3749 950 3847 scriptorem
981 3758 1096 3822 tamen
1121 3747 1333 3822 demonstret
1364 3749 1543 3824 emersisse
1573 3773 1614 3822 ex
1647 3749 1743 3824 scho-

221 3870 342 3945 lostica
377 3868 435 3942 illa
467 3867 614 3941 infautia
645 3893 685 3942 ac
718 3869 917 3942 ieiunitater
952 3877 991 3941 ot
1015 3867 1103 3940 bene
1127 3867 1170 3940 de
1199 3891 1241 3942 eo
1265 3893 1400 3966 sperare
1423 3868 1542 3955 liceat,
1569 3868 1599 3942 si
1626 3868 1746 3942 crebro

221 4013 262 4064 ao
292 3987 440 4085 diligens
474 3985 644 4060 bonorum
678 3987 880 4084 scriptorum
918 3986 1019 4060 lectio
1054 3988 1234 4062 accesserit
1264 3995 1299 4059 et
1335 3987 1538 4084 quotidiana
1573 3987 1745 4062 scribendi

222 4106 440 4192 exercitatio,
465 4104 537 4178 fore
562 4113 603 4178 ut
628 4105 815 4203 aliquando
841 4105 877 4178 in
904 4105 968 4178 hoc
991 4129 1117 4204 genere
1141 4107 1273 4182 efficere
1294 4107 1412 4203 possit.

272 4225 414 4304 Quibus
450 4223 494 4298 de
525 4224 638 4298 causis
654 4266 659 4278 =
677 4225 772 4298 Ordo
802 4223 938 4300 censuit
973 4225 1147 4324 scriptoris
1174 4249 1299 4300 nomeu
1325 4225 1462 4322 publice
1486 4251 1525 4300 ac
1549 4226 1746 4304 solemniter

222 4367 306 4418 oum
330 4343 442 4418 laudis
467 4341 717 4441 significatione
741 4343 1010 4442 praedicandum
1036 4367 1121 4418 esse.

274 4461 483 4560 scriptorem
509 4485 545 4535 se
571 4487 645 4535 esse
671 4462 844 4560 professus
869 4472 922 4536 est

698 4613 909 4673 unumne
926 4611 1113 4670 locamus
1132 4613 1274 4685 Pom,
1331 4683 1336 4694 Ι

509 4731 581 4791 Pau.
601 4733 686 4788 l'lecr.
702 4737 728 4787 st
745 4731 809 4788 uu.
825 4731 903 4786 Han.
921 4728 996 4786 mua.
1014 4731 1042 4785 ιἰι
1059 4731 1198 4788 Αωδιιιιια
1215 4731 1458 4804 mnasonem.
