4930 6176
860 677 1137 747 onusto.
1407 676 1411 684 ’
1715 676 1757 748 25

234 911 293 962 me
317 885 434 962 neseio
460 885 547 984 quid
570 885 666 959 vobis
689 910 888 962 sueeensere
910 897 946 963 et
972 899 1034 963 eut
1061 894 1333 987 eonquesturum
1357 913 1432 964 esse
1452 887 1585 988 aliquid
1607 893 1669 963 sut
1693 885 1757 961 eri·

235 1007 462 1090 minaturum.
513 1004 690 1080 Hsbetote
725 1004 856 1081 bonum
883 1008 1050 1082 animum.
1101 1006 1200 1081 Nihil
1219 1006 1344 1082 horum
1367 1007 1501 1084 fecium.
1537 1005 1695 1082 Candide
1722 1012 1758 1080 st

237 1127 389 1215 sineere,
416 1125 447 1199 si
471 1124 558 1224 quid
578 1123 770 1200 admissum
790 1133 863 1213 est,
897 1125 1093 1200 condonavi
1119 1124 1215 1200 vobis
1241 1125 1397 1224 rediique
1417 1126 1596 1202 vobiscum
1620 1127 1656 1202 in
1680 1150 1758 1226 grs-

237 1245 334 1322 tism.
385 1246 511 1344 Itaque
544 1268 587 1318 ss
625 1243 697 1319 imo
731 1252 954 1343 pectorosos
984 1267 1105 1318 omnes
1138 1243 1301 1318 adhortor
1322 1243 1368 1317 ed
1389 1267 1466 1320 eom
1492 1244 1631 1320 leudem
1653 1269 1759 1343 quem

239 1391 300 1440 vos
326 1363 492 1464 eonsequi
519 1388 619 1464 pesse
647 1385 768 1437 omnes
798 1363 944 1438 confido.
994 1363 1074 1436 Non
1101 1386 1221 1436 omnes
1242 1361 1386 1461 potestis
1411 1363 1563 1461 praemis
1585 1389 1628 1438 ex
1651 1363 1761 1439 solido

240 1509 326 1561 rnre
360 1495 552 1584 reportare,
588 1481 649 1558 sed
684 1491 831 1581 possunt
861 1507 936 1557 esse
969 1482 1005 1556 in
1038 1481 1134 1556 vobis
1162 1481 1326 1556 omnibus
1352 1481 1503 1580 optimae
1532 1489 1643 1572 artes,
1672 1508 1763 1583 quse

242 1629 328 1680 suro
361 1611 479 1678 eontre
513 1627 610 1678 essee
634 1609 736 1690 sunt,
762 1601 954 1689 industrie,
978 1600 1179 1699 diligentia,
1206 1599 1395 1676 nendidum
1428 1609 1569 1700 peetus,
1604 1601 1762 1677 amabilis

242 1723 426 1811 modestis,
455 1721 591 1822 pulehri
615 1720 767 1820 bonique
791 1743 913 1794 sensus
940 1719 1127 1820 insignior,
1153 1729 1189 1794 et
1218 1720 1355 1795 unimus
1386 1721 1548 1798 vitiorum
1568 1729 1761 1798 eontemtor

243 1853 279 1918 et
300 1841 472 1942 quidquid
494 1849 547 1916 est
569 1849 669 1940 turpe
687 1847 723 1914 et
747 1839 907 1940 petulans
933 1847 969 1913 et
993 1847 1190 1938 protervum
1216 1837 1395 1914 fastidiens
1407 1847 1443 1914 et
1455 1861 1631 1940 respuens.
1664 1843 1764 1918 Heeo
1861 1887 1880 1898 «κ

243 1973 325 2038 sunt
360 1961 548 2060 uniruique
581 1967 733 2034 vestrum
764 1957 931 2058 purnbilie
967 1967 1010 2052 et·
1029 1967 1112 2034 sunt
1145 1957 1246 2047 bueo,
1278 1958 1420 2056 opinor,
1445 1983 1529 2034 euro
1553 1961 1763 2058 pretiosiora.

242 2082 310 2156 His
329 2080 410 2155 dats
427 2103 588 2180 operum,
609 2077 645 2152 in
666 2077 748 2153 hese
768 2076 960 2152 incumbite
981 2086 1017 2152 et
1040 2079 1106 2152 erit
1125 2077 1290 2151 intervos
1311 2078 1621 2178 Pmeoeptoresque
1635 2087 1765 2154 vestros

243 2224 381 2275 summu
405 2199 597 2274 animorum
620 2197 828 2298 conspiratio
854 2209 890 2270 et
911 2198 1114 2272 suavissima
1137 2196 1352 2284 coniunctio,
1378 2222 1468 2295 quse
1489 2205 1525 2272 et
1549 2197 1765 2298 singulorum

245 2320 352 2396 vitum
374 2318 477 2394 ieeiet
500 2317 738 2392 iucundiorem
764 2325 800 2391 st
823 2315 1033 2392 Aoedemiee
1055 2316 1398 2416 Lugduno-Bstsvee
1422 2317 1600 2416 antiquom
1621 2319 1768 2418 'gloriam

246 2439 466 2514 eonfirmsbit
489 2447 525 2512 et
548 2435 700 2536 augebit.

294 2557 363 2632 His
392 2559 479 2632 votis
501 2557 746 2654 ominibusque
772 2557 872 2645 Tibi,
898 2558 951 2634 ct
974 2557 1216 2644 Helbertsme,
1249 2555 1401 2630 Rectorii
1429 2543 1583 2632 muneris
1608 2581 1767 2656 proeuru·

129 2699 134 2710 ·
246 2679 376 2753 tionem
410 2677 519 2752 trudo.
578 2675 722 2750 Utinam
754 2677 803 2751 'Pe
833 2679 981 2753 Rectene
1009 2702 1099 2777 quse
1124 2701 1217 2752 nune
1241 2675 1366 2751 enimis
1390 2683 1594 2774 exoptamus
1617 2676 1769 2774 perfecte

247 2797 426 2874 ridesmus
466 2806 502 2870 et
543 2797 591 2872 sio
634 2820 723 2871 novo
762 2796 943 2896 splendore
986 2796 1208 2872 dilectissime
1241 2794 1342 2871 nobis
1378 2795 1540 2870 omnibus
1579 2795 1768 2870 Aoedemis

247 2917 395 3018 fulgeat!

953 3258 1081 3319 DIXI.

424 3803 580 3878 (Cetuiogus
598 3805 724 3862 librorum
742 3821 759 3860 s
776 3801 923 3860 omnino
940 3800 1077 3874 syrenen
1094 3803 1304 3878 eeusefiptornm
1327 3803 1397 3860 infre
1415 3801 1601 3874 exhibebitur.)
