4930 6176
1224 653 1443 720 runicis
1477 652 1742 724 ounruuu.

1049 859 1282 934 IUDlOlUM
1308 859 1511 934 ORDlNlS
1536 861 1924 936 THEOLOGORUM.

774 1101 871 1174 Ordo
909 1097 1162 1197 'theologorum
1200 1097 1288 1172 duas
1326 1098 1457 1196 accepit
1499 1099 1827 1188 commentationes,
1867 1099 2048 1177 vernaculo
2090 1123 2246 1188 sermone

723 1220 954 1318 conscriptes,
988 1217 1139 1315 quibus,
1171 1241 1232 1314 pro
1255 1217 1466 1315 quaestionis
1488 1217 1682 1316 propositae
1703 1217 1864 1304 consilio,
1890 1217 2077 1316 inquiritur
2101 1219 2135 1294 in
2162 1219 2245 1292 utri·

723 1364 838 1438 usque
863 1337 964 1412 Pauli
988 1337 1033 1412 od
1057 1335 1378 1413 Thessalonicenses
1403 1335 1570 1434 epistolae
1595 1335 1822 1412 authentiam.

775 1459 913 1532 Harum
942 1455 1270 1530 commentationum
1307 1469 1453 1553 utreque
1484 1455 1609 1542 habet,
1643 1454 1773 1554 quibus
1798 1479 1836 1530 se
1859 1455 2099 1544 commendet,
2125 1465 2246 1531 neutra

725 1580 770 1654 ab
798 1579 893 1652 omni
927 1583 1023 1673 perte
1059 1573 1206 1672 placuit;
1243 1597 1306 1648 nsc
1336 1585 1452 1650 temen
1486 1574 1633 1648 dubium
1664 1597 1740 1648 esse
1772 1581 1927 1672 poterat,
1961 1583 2038 1650 utro
2065 1575 2134 1648 utri
2157 1585 2246 1648 esset

725 1694 957 1796 pracferenda.
1726 1769 1730 1774 ,

772 1816 934 1911 Namque
959 1820 1079 1886 auctor
1103 1811 1264 1896 alterius,
1299 1811 1411 1886 verbis
1434 1811 1605 1886 Paulinis:
1632 1814 1758 1888 πάντα
1786 1810 2030 1904 δοκιμάζετε,
2055 1815 2101 1887 τὸ
2126 1813 2246 1888 καλὸν

723 1939 905 2028 κατέχετε
936 1935 972 2021 (1
1001 1929 1122 2004 Thess.
1149 1928 1192 2004 V.
1219 1933 1281 2020 21)
1305 1929 1511 2028 insignitae,
1546 1932 1591 2004 de
1622 1933 1734 2030 priore
1766 1932 1909 2031 quidem
1944 1931 2108 2030 epistola,
2142 1955 2244 2030 quem

721 2053 831 2128 Paulo
854 2050 1029 2138 ,vindicare
1055 2049 1192 2135 studet,
1218 2049 1442 2147 probabiliter
1467 2050 1560 2149 egit,
1587 2051 1673 2126 sive·
1683 2059 1990 2150 argumentorum,
2014 2073 2104 2149 quae
2127 2050 2245 2126 dicun·

594 2266 596 2270 .
723 2183 800 2258 tur,
835 2181 1053 2244 externorum
1085 2169 1251 2242 rationem
1288 2168 1438 2258 hebens,
1473 2169 1544 2244 sive
1570 2195 1710 2258 eorum,
1742 2195 1850 2268 quae,
1877 2169 2056 2244 recentiori
2080 2169 2245 2268 imprimis

723 2299 853 2377 aetate,
880 2314 922 2362 er
944 2288 1019 2386 ipsa
1039 2287 1183 2384 epistole
1206 2298 1323 2362 contra
1347 2289 1422 2362 eius
1443 2289 1659 2364 authentiam
1683 2290 1792 2388 petite
1812 2299 1905 2364 sunt.
1940 2287 2244 2370 Quemadmodum

724 2435 802 2484 vero
825 2409 889 2483 hac
912 2407 957 2482 de
980 2407 1183 2505 quaestione
1210 2408 1391 2505 scriptores
1418 2409 1503 2484 ulios
1528 2409 1693 2508 negligit,
1725 2409 1761 2482 in
1786 2407 1893 2496 elios,
1920 2409 2008 2482 viros
2035 2407 2138 2484 etiam
2168 2408 2243 2482 doc-

723 2530 892 2614 tissimos,
929 2527 1052 2602 acriter
1086 2525 1277 2613 invehitur,
1309 2528 1345 2601 in
1379 2529 1553 2604 nonnullis
1579 2527 1685 2602 rebus
1708 2527 1941 2602 diiudicandis
1968 2526 2097 2602 labitur
2119 2535 2155 2600 et
2174 2551 2243 2602 ora·

722 2651 815 2724 tione
839 2648 950 2722 utitur
976 2645 1092 2719 minus
1122 2645 1290 2720 concinna
1317 2655 1352 2720 et
1373 2647 1523 2746 eleganti
1548 2671 1654 2745 quum
1677 2671 1740 2744 par
1763 2654 1837 2734 est,
1862 2648 1912 2722 ita
1931 2645 2114 2752 epistolam
2135 2655 2244 2745 poste·

721 2769 845 2844 riorem
869 2765 989 2840 leviter
1010 2764 1200 2839 admodum
1223 2790 1262 2838 ac
1287 2767 1401 2840 ieiune
1426 2773 1570 2852 tractet,
1596 2766 1642 2839 sd
1659 2767 1784 2852 finem,
1812 2771 1852 2838 ut
1871 2764 2026 2854 videtur,
2052 2787 2242 2863 properans.

722 2889 942 2984 Quapropter
976 2882 1006 2954 si
1040 2883 1091 2956 vel
1125 2883 1216 2980 prior
1245 2887 1546 2960 commentationis
1580 2909 1660 2984 pers
1692 2883 1780 2960 nibil
1813 2907 1952 2983 prorsus
1981 2883 2244 2960 desiderandum

721 3004 935 3102 reliquisset,
973 3001 1163 3098 praemium
1206 3012 1321 3076 tamen
1355 3029 1496 3078 aureum
1534 3005 1602 3104 ipsi
1634 3003 1740 3078 tribui
1764 3027 1831 3078 non
1861 3011 1987 3102 posset.
2039 3003 2089 3076 At
2111 3001 2244 3101 publice

722 3123 855 3200 laudari
892 3137 1044 3196 meretur
1080 3119 1204 3194 laboris
1242 3121 1413 3196 industria
1449 3123 1625 3222 portisque
1664 3123 1756 3198 illius
1791 3121 1915 3222 prioris
1947 3146 2015 3198 non
2057 3121 2245 3221 spernenda

723 3244 869 3318 bonitas.

770 3363 890 3437 Altera
914 3357 1175 3448 commentatio,
1202 3381 1292 3454 quae
1317 3357 1419 3432 verbe
1444 3359 1672 3458 Hilgenfeldii
1696 3359 1732 3432 in
1754 3357 1867 3432 ironte
1886 3359 1994 3458 gerit:
2024 3360 2123 3434 eDae
2139 3360 2244 3432 merk-

722 3483 871 3579 rcrirdipe
904 3478 1128 3570 Brasos-Pam
1165 3479 1319 3552 redient
1355 3481 1424 3573 aus
1453 3479 1522 3550 elle
1559 3479 1660 3552 Folle
1696 3479 1813 3550 immor
1853 3478 1936 3552 noch
1973 3481 2064 3574 erne,
2076 3501 2244 3574 pesceere

732 3598 1005 3696 [intercertans
1044 3596 1187 3670 eandem
1229 3596 1367 3670 leudem
1403 3597 1647 3672 commeruisse
1680 3607 1859 3684 censetur,
1893 3607 1929 3670 at
1966 3620 2044 3670 vero
2082 3596 2244 3672 maiorem

724 3719 839 3793 etiam.
891 3713 1067 3790 Nonnulla
1090 3737 1173 3788 sane
1197 3713 1233 3787 in
1259 3739 1301 3789 ea
1328 3713 1611 3814 reprehendendo
1638 3719 1729 3790 sunt.
1781 3714 2002 3813 Argumenta
2027 3723 2170 3790 externa
2191 3716 2244 3790 vix

724 3847 786 3912 aut
819 3861 864 3910 ne
894 3835 949 3908 vir
981 3832 1122 3932 quidem
1156 3833 1297 3934 attingit
1331 3843 1471 3922 auctor,
1506 3835 1652 3908 internis
1680 3833 1781 3908 unice
1804 3857 1876 3908 rem
1902 3835 2150 3910 conficiendam
2172 3859 2243 3910 esse

724 3969 831 4033 ratus.
881 3955 986 4028 Porro
1015 3976 1155 4041 acrum,
1192 3978 1282 4050 quoe
1316 3953 1436 4028 Banrii
1461 3953 1677 4052 aliorumque
1703 3951 1820 4028 dubiis
1842 3954 1970 4052 opponi
1995 3963 2160 4052 possunt,
2185 3955 2242 4028 de-

725 4077 834 4152 bitem
870 4075 1036 4149 munnam
1070 4095 1139 4146 uon
1168 4071 1283 4147 habet.
1341 4072 1385 4146 In
1408 4072 1502 4147 haud
1525 4072 1645 4170 paucis
1668 4072 1773 4148 etiam
1799 4072 1882 4148 locis
1903 4072 2115 4170 explicandis
2139 4073 2242 4146 tredi-

724 4196 828 4270 tionis
864 4193 1059 4294 exegeticae
1102 4191 1170 4264 vim
1203 4201 1373 4290 ¹oupertus
1407 4205 1470 4266 est.
1535 4194 1585 4266 At
1618 4191 1811 4266 laudandae
1850 4192 2010 4268 videntur
2044 4191 2244 4292 disputandi

725 4314 932 4399 methodus,
965 4322 1001 4386 ct
1026 4309 1204 4386 iudicandi
1232 4312 1269 4386 in
1294 4310 1413 4386 multis
1437 4311 1594 4400 solertia,
1628 4319 1664 4386 ct
1686 4311 1756 4386 stili
1785 4309 1942 4399 bonitus,
1967 4319 2002 4386 st
2024 4310 2243 4410 supellectilis
2325 4411 2327 4416 Ι

725 4432 928 4520 litterariae,
960 4455 1065 4529 quam
1097 4431 1290 4531 congessit,
1324 4430 1442 4530 copia,
1473 4440 1509 4505 et
1543 4431 1651 4506 animi
1682 4455 1764 4530 erga
1789 4429 2033 4506 dissentientes
2056 4429 2225 4505 modestia

725 4562 761 4628 et
790 4551 969 4651 ingenium
998 4550 1043 4626 ad
1074 4559 1184 4626 artem
1209 4551 1362 4626 criticam
1389 4549 1532 4624 feliciter
1560 4549 1787 4624 exercendam
1808 4550 2048 4648 compositum.
2099 4549 2175 4624 Nee
2200 4547 2243 4622 de

725 4671 902 4770 posteriori
926 4669 1071 4770 epistole
1096 4669 1212 4742 minus
1236 4677 1393 4744 accurate
1418 4668 1490 4768 egit
1515 4691 1622 4766 quem
1649 4667 1693 4742 de
1719 4669 1835 4768 priori.
1887 4669 1940 4743 Re
1964 4691 2153 4768 perpensa,
2181 4667 2242 4741 mi·

724 4814 792 4864 nus
817 4789 861 4862 ed
886 4788 1128 4885 disputationis
1149 4797 1310 4862 eventum
1333 4812 1373 4860 ac
1396 4787 1500 4860 linem
1521 4811 1625 4883 quam
1648 4787 1694 4862 ad
1717 4786 1843 4862 laboris
1862 4786 2062 4886 ingeniique
2086 4785 2243 4860 iuvenilia
