4930 6176
672 611 716 680 22
1254 615 1617 685 meeum

665 819 784 896 studia
812 819 918 896 dha
946 820 1040 897 huno
1071 811 2200 912 uaaumaoannuvirntam,11tvitaaauomnaaataau·

667 939 808 1016 munta
829 939 991 1040 aequiore
1011 943 1130 1020 ammo
1150 943 1331 1044 patimus
1352 951 1391 1018 at
1412 943 1631 1020 mndantiaa
1649 942 1772 1018 fetant.

718 1178 838 1256 Quam
874 1177 1160 1256 ‹hlaoBakium
1193 1182 1637 1258 metniohoeoorona
1673 1201 1746 1256 non
1780 1179 1912 1254 adem
1962 1167 2204 1256 anieolabat

668 1295 815 1373 antehae
848 1298 961 1374 alaoen
990 1307 1027 1374 at
1052 1300 1202 1401 impiger
1231 1302 1324 1378 uitae
1351 1301 1465 1378 offioia
1495 1302 1613 1378 omnia
1642 1301 1761 1389 obire,
1798 1321 1895 1374 nuno
1923 1294 2043 1372 animo
2063 1299 2102 1366 et
2126 1309 2202 1365 our-

669 1439 754 1516 pone
791 1441 897 1516 aeger
931 1418 1119 1494 daoumbit.
1181 1421 1328 1499 Utinam
1361 1429 1482 1496 noataa
1518 1419 1675 1494 omnium
1715 1423 1798 1494 vota
1829 1415 1986 1493 valeant!
2031 1419 2070 1488 et
2105 1408 2204 1484 boui

669 1543 844 1612 sommum
880 1537 1021 1614 aninum
1051 1563 1160 1616 novas
1189 1541 1323 1640 ampuri
1358 1542 1449 1616 viras
1481 1538 1718 1639 suppeditabit
1746 1545 1782 1613 et
1814 1535 1968 1625 Bakios,
2000 1531 2065 1633 qai
2098 1528 2204 1606 notia

669 1655 834 1732 omnibus
872 1681 972 1732 veaaa
1004 1658 1233 1736 humanitatis
1263 1685 1427 1759 panemos
1460 1659 1658 1758 anaspum
1680 1681 1756 1734 asae
1777 1657 1883 1746 mist,
1916 1655 1981 1730 diu
2003 1651 2207 1728 Auem

668 1774 1017 1874 higdeno-Bataua
1038 1780 1255 1877 psaesidiom
1277 1787 1314 1854 at
1340 1779 1442 1856 dnloe
1465 1779 1573 1854 deam
1596 1785 1637 1854 nt
1663 1801 1800 1878 semper
1819 1783 1928 1853 antea
1944 1774 2089 1850 fotmus
2108 1778 2178 1846 eat.

719 1992 769 2068 Aa
804 1989 854 2066 Te
893 1991 1034 2091 quidem
1068 1995 1256 2072 nobiseum
1297 2021 1368 2072 una
1404 2021 1481 2072 esse
1516 1997 1734 2096 gandemus,
1768 1993 1900 2094 optime
1939 2015 2005 2068 van
2038 1984 2208 2086 Hengel,

669 2110 831 2208 quamsi
855 2135 911 2185 me
934 2137 1049 2188 amare
1074 2121 1212 2190 tantum
1237 2123 1273 2190 et
1300 2116 1453 2190 vanmari
1477 2116 1595 2192 dinam
1619 2138 1745 2216 panum
1766 2113 1905 2201 dixeno,
1934 2133 2019 2186 nam
2043 2105 2129 2207 quis
2150 2109 2207 2180 aa

668 2236 829 2316 nostrum
854 2231 1035 2321 omnium,
1066 2233 1123 2310 oui
1145 2235 1201 2310 uu
1221 2243 1291 2310 non
1318 2237 1366 2310 sis
1388 2236 1547 2312 amabilis
1567 2245 1607 2310 at
1624 2232 1852 2310 namabilis?
1889 2231 1967 2319 Tu,
1989 2249 2100 2328 quaem
2127 2245 2206 2300 om·

668 2347 771 2424 nium
799 2355 955 2426 aetatum
992 2352 1151 2428 homines
1182 2355 1335 2456 diligunt
1359 2364 1397 2430 et
1426 2355 1627 2444 obsutum,
1651 2353 1739 2430 mihi
1763 2375 1871 2452 poope
1891 2351 1930 2428 in
1954 2345 2112 2449 parentis
2131 2344 2209 2420 10⁰⁰

667 2467 835 2544 oolendus
859 2478 894 2544 et
914 2473 1124 2548 revaandns
1150 2496 1226 2548 esse
1252 2473 1386 2550 videtis.
1436 2475 1492 2550 uu
1518 2482 1581 2548 toa
1604 2471 1722 2546 omnia
1744 2470 1853 2546 solius
1873 2467 1944 2544 Dei
1961 2462 2110 2542 anbitrio
2126 2485 2209 2562 pea-

669 2585 791 2664 mittis
832 2588 935 2662 Faxit
969 2615 1054 2690 ergo
1078 2591 1197 2681 Deus,
1227 2599 1269 2666 ut
1299 2599 1334 2665 te
1365 2613 1502 2678 senam,
1535 2590 1638 2665 ouius
1665 2589 1875 2666 indefessam
1904 2583 2121 2663 indust-*iam
2154 2580 2210 2656 val
2302 2661 2309 2676 ‚
2463 2592 2464 2615 ¹

668 2704 830 2779 florentes
868 2715 982 2784 aetate
1011 2710 1153 2787 iuvenes
1182 2709 1349 2786 aemulari
1384 2709 1541 2808 possint,
1564 2709 1628 2784 diu
1653 2709 1757 2784 etiam
1779 2709 1972 2786 habeamus
1993 2704 2212 2792 nobiseum,

669 2822 799 2922 quibus
832 2849 933 2898 carus
966 2851 1004 2900 ea
1029 2837 1065 2901 at
1090 2830 1180 2902 vitae
1206 2827 1296 2902 bene
1318 2829 1472 2928 agendae
1497 2853 1558 2927 per
1579 2851 1700 2902 omnes
1722 2828 1845 2904 aetatis
1866 2826 1998 2926 gradus
2018 2823 2067 2899 ad
2092 2829 2212 2898 extre·

672 2963 769 3016 mam
794 2964 907 3040 usque
935 2955 1149 3021 senectutem
1174 2947 1446 3024 illustrissimum
1470 2947 1653 3046 exemplar.

723 3134 1033 3213 Quemadmodum
1069 3137 1120 3213 illi
1156 3137 1331 3215 laboribus
1364 3137 1518 3215 defuncti
1552 3147 1669 3214 tamen
1703 3137 1747 3212 de
1778 3137 1989 3214 Academiae
2023 3133 2134 3211 laude
2176 3139 2215 3209 et

672 3249 781 3350 gloria
804 3255 935 3353 optime
962 3258 1086 3332 mereri
1107 3283 1301 3358 numquam
1324 3259 1523 3347 desierunt,
1547 3259 1596 3332 ita
1617 3257 1673 3332 Tu
1697 3281 1836 3355 quoque
1860 3282 1943 3332 mox
1966 3254 2096 3344 facias,
2125 3253 2214 3329 Ola-

671 3369 807 3445 rissime
839 3373 946 3447 (took.
998 3375 1189 3475 Dignitatis
1213 3401 1348 3478 semper
1369 3378 1405 3451 in
1430 3375 1479 3450 ue
1505 3375 1693 3476 plurimum
1717 3373 1804 3463 fuit,
1829 3373 1976 3450 habebis
1998 3369 2216 3474 propediem

672 3513 755 3564 aum
787 3489 957 3589 dignitate
993 3493 1125 3584 otium,
1163 3520 1269 3594 quam
1305 3497 1394 3570 vitae
1427 3501 1559 3596 partem
1594 3501 1733 3568 uttam
1764 3493 1916 3568 iucunde
1947 3493 2066 3592 exigas
2095 3513 2214 3590 quam

676 3608 885 3708 superiorem
911 3609 1101 3687 honorifice
1126 3615 1324 3714 transegisti
1349 3615 1520 3690 exanimi
1546 3611 1715 3688 sententia
1737 3611 1818 3686 Tibi
1840 3637 1962 3688 omnes
1983 3618 2168 3712 optamus.

726 3793 784 3868 uu
812 3800 952 3882 oontta,
987 3799 1280 3892 praestantissime
1308 3799 1454 3873 Bienens
1484 3799 1527 3872 de
1554 3797 1676 3885 Haan,
1708 3796 1834 3872 laboris
1859 3805 1897 3872 at
1919 3796 2119 3872 industriae
2147 3819 2218 3871 no·

680 3935 762 3986 vum
786 3912 853 3986 iter
874 3913 1051 4012 ingressus
1077 3939 1115 3990 es
1138 3926 1173 3990 et
1198 3917 1361 3992 omnihus
1385 3925 1567 4014 exoptatus
1589 3923 1624 3989 et
1647 3921 1728 3990 ante
1750 3939 1871 3991 omnes
1896 3917 2092 3992 ohrhsimo
2119 3915 2218 3991 Ver·

680 4031 762 4108 dm
794 4031 868 4106 hm
903 4031 1034 4108 dedisti
1067 4035 1120 4108 tui
1154 4036 1439 4134 experimentum.
1487 4035 1661 4132 Expertus
1693 4033 1763 4108 iam
1795 4059 1835 4109 ω
1858 4036 1977 4111 atatim
2004 4057 2119 4133 quam
2142 4033 2213 4108 tibi

683 4149 834 4247 eollegae
857 4173 978 4226 oannes
999 4151 1129 4249 optime
1150 4153 1265 4228 velint
1323 4155 1433 4252 Perga
1452 4152 1556 4226 modo
1581 4159 1622 4226 nt
1643 4151 1804 4250 innqtiati
1824 4158 1862 4228 at
1884 4161 1951 4228 tua
1971 4153 2047 4228 vita
2067 4161 2109 4227 et
2130 4151 2218 4228 auia

683 4265 868 4342 utilissima
891 4275 929 4342 et
951 4269 1018 4344 tibi
1039 4270 1107 4369 ipsi
1129 4271 1335 4346 amussim
1354 4271 1472 4346 futura
1495 4278 1558 4344 ast.
2004 4255 2007 4262 ¹

732 4381 818 4458 Viro
860 4385 1076 4463 muditiaimo
1114 4390 1295 4488 Boogaerd
1330 4389 1580 4464 meaaaoriun
1616 4385 1759 4462 titulum
1797 4387 1984 4464 honorifiaa
2026 4389 2215 4466 tributam

686 4525 760 4578 ease
799 4501 1017 4580 vehementer
1048 4508 1158 4606 gavisi
1192 4531 1323 4584 mmm.
1373 4509 1535 4604 Namque
1566 4527 1718 4602 omnum
1748 4511 1784 4579 at
1813 4505 1948 4582 iustum
1983 4515 2038 4582 est
2069 4509 2109 4583 in
2136 4531 2219 4609 quo

685 4619 771 4812 31ιὶ
769 4619 1010 4817 oppfflpriae
1038 4633 1129 4701 artas
1161 4635 1197 4701 et
1227 4626 1353 4704 marita
1383 4625 1495 4700 siden
1525 4645 1599 4698 aaa
1629 4623 1878 4699 Protessonnm
1904 4647 2034 4790 noman
2062 4651 2217 4728 quoque
