4876 6176
625 651 666 714 12
1204 643 1562 710 C.G.COBET

623 853 691 927 illis
716 878 820 928 sanus
842 853 1065 938 contulerim,
1092 851 1185 948 quod
1212 851 1353 948 posthac
1379 875 1595 924 summorum
1617 851 1797 926 hominnm
1814 851 1954 951 ingenie
1975 851 2143 926 eximium

622 973 851 1072 protulerunt.
888 971 957 1044 Sed
976 969 1088 1044 brevis
1109 995 1184 1043 asse
1201 971 1311 1044 debeo
1326 979 1362 1044 et
1379 971 1422 1043 de
1439 995 1556 1044 eorum
1571 971 1782 1069 praestantia
1793 979 1829 1044 et
1846 995 1912 1044 usu
1928 969 2145 1070 paucissimis

623 1092 809 1168 absolvam.
860 1093 913 1165 Ex
948 1099 1020 1163 tote
1054 1090 1197 1164 Graecia
1228 1089 1459 1163 Athenienses
1485 1089 1639 1162 inomni
1665 1089 1837 1164 scribendi
1861 1113 1987 1189 genere
2017 1089 2145 1188 primes

623 1211 756 1298 lerunt,
776 1212 820 1284 de
839 1210 969 1308 quibus
983 1209 1066 1281 scite
1078 1209 1256 1282 Romanus
1272 1209 1435 1282 historiae
1449 1209 1592 1306 scriptor
1615 1209 1663 1282 sic
1680 1207 1931 1308 pmnuntiavit:
1972 1209 2146 1308 nGorpora

623 1332 775 1404 Graecae
798 1330 912 1428 gentis
936 1336 1090 1426 separata
1113 1339 1194 1399 sunt
1216 1328 1282 1402 alia
1309 1329 1343 1402 in
1372 1329 1455 1402 alias
1477 1329 1653 1416 civitates,
1675 1327 1815 1426 ingenia
1836 1351 1915 1402 vero
1936 1327 2018 1400 solis
2035 1327 2144 1402 Athe·

623 1449 795 1522 niensium
818 1448 926 1521 muris
944 1447 1061 1520 clausa
1081 1447 1291 1522 existimea.'’
1343 1448 1462 1520 Nostis
1485 1447 1546 1545 qui
1568 1471 1604 1520 se
1628 1457 1765 1521 nostrae
1776 1445 1899 1520 aetatis
1913 1447 2144 1522 Athenienses

624 1593 698 1642 esse
719 1567 879 1640 lubenter
901 1567 1060 1640 dictitant
1081 1577 1117 1638 et
1140 1567 1295 1640 credunt.
1354 1567 1452 1639 Nihil
1482 1567 1535 1640 bis
1568 1566 1710 1662 quidem
1732 1565 1911 1640 venustius
1938 1575 1973 1638 et
1998 1565 2144 1666 lepidius

623 1697 694 1774 est,
726 1688 787 1760 sed
819 1687 945 1760 desunt
975 1686 1017 1758 iis
1048 1685 1124 1758 illae
1158 1697 1248 1758 artes
1280 1684 1408 1784 quibus
1439 1709 1517 1758 vero
1538 1685 1701 1772 libertas,
1731 1684 1768 1757 id
1790 1693 1843 1758 est
1864 1685 1995 1760 sanitas
2016 1687 2144 1774 animi3

622 1795 764 1880 nitatur.¹
800 1805 1037 1904 Opponuntur
1059 1804 1112 1876 his
1135 1805 1205 1890 illi,
1232 1829 1380 1901 quorum
1403 1829 1485 1878 sana
1504 1829 1603 1878 mens
1625 1813 1660 1876 et
1680 1803 1789 1878 civilia
1814 1805 1982 1904 sapientia
2007 1804 2144 1878 liberta·

621 1915 692 1998 tem
715 1949 813 1996 suam
839 1939 911 1997 tam
936 1923 1045 1995 firmis
1071 1923 1307 1996 fundamentis
1327 1925 1557 2021 superstruxit
1580 1933 1618 1997 ut
1636 1924 1741 1997 etiam
1761 1923 1907 1998 aliorum
1935 1923 2076 1998 libertas
2101 1947 2145 1998 ex

620 2043 757 2117 illorum
783 2043 941 2116 libertate
965 2068 1131 2140 suspenso
1156 2043 1210 2116 sit.
1262 2043 1392 2116 Verum
1418 2068 1487 2116 non
1516 2044 1608 2141 capit
1632 2042 1770 2116 illorum
1793 2042 1897 2140 paulo
1919 2041 2146 2116 truculentior

621 2164 771 2260 grevitm
795 2163 886 2234 illam
913 2162 1155 2249 festivitatem,
1182 2187 1270 2260 quae
1291 2163 1327 2234 in
1351 2163 1528 2236 Gallorum
1556 2163 1692 2260 scriptis
1713 2162 1816 2236 efficit
1841 2171 1880 2234 ut
1900 2161 2017 2234 omnia
2039 2161 2145 2236 veluti

622 2279 704 2354 solis
724 2279 828 2352 radiis
852 2279 1022 2352 illustrata
1041 2279 1254 2378 splendeant.
1298 2281 1346 2352 Hi
1369 2305 1448 2353 vero
1473 2280 1543 2352 duo
1564 2293 1646 2354 sunt
1672 2280 1811 2380 populi,
1837 2304 1985 2379 quorum
2011 2279 2144 2354 litterae

621 2397 843 2498 potissimum
885 2399 1036 2494 antiquis
1076 2398 1262 2496 aliquando
1300 2399 1450 2498 palmam
1492 2397 1635 2472 dubium
1677 2399 1787 2472 iecere
1829 2399 1973 2498 possint.
2046 2397 2145 2476 Quid

620 2517 729 2617 igitur
760 2517 789 2590 si
821 2527 1047 2616 utrorumque
1069 2518 1167 2590 dotes
1192 2519 1226 2590 in
1255 2543 1362 2592 unum
1388 2517 1635 2591 coalescerent!
1674 2515 1801 2590 Nescio
1821 2517 1907 2614 quid
1931 2517 2044 2592 maius
2067 2541 2144 2616 per·

620 2635 814 2734 laetiusque
841 2661 945 2735 quam
970 2637 1259 2728 adhucyidimus
1285 2639 1400 2712 animo
1424 2637 1597 2710 obuersari
1622 2635 1754 2734 incipit.
1807 2635 1905 2710 Haeo
1930 2635 2005 2734 ipsa
2029 2637 2145 2734 imago

620 2754 657 2828 in
678 2755 953 2828 Atheniensibus
974 2768 1258 2856 repraesentatur.
1297 2757 1444 2854 Sapiunt
1469 2765 1503 2828 ct
1526 2755 1701 2854 eleganter
1722 2755 1871 2854 sapiunt.
1905 2757 2036 2830 Eorum
2060 2781 2144 2830 sena

621 2897 740 2959 mens,
774 2877 866 2945 acuti
898 2900 1039 2960 sensus,
1072 2875 1209 2972 copiosa
1244 2885 1279 2948 et
1316 2877 1427 2948 nitida
1461 2876 1589 2962 oratio,
1620 2873 1796 2972 ingenitus
1829 2875 1998 2949 libertatis
2027 2901 2144 2964 amor,

621 2991 770 3064 eximius
790 2991 925 3090 pulchri
948 3017 1070 3065 sensus
1090 2995 1162 3066 sine
1186 2995 1344 3092 exemplo
1365 3005 1447 3068 siant
1467 2995 1501 3068 in
1526 2993 1661 3092 generis
1687 2991 1830 3068 humaui
1854 2994 2004 3070 historia.
2037 2995 2145 3070 Recte

621 3121 789 3198 cernunt,
821 3123 913 3185 recte
937 3113 1091 3186 iudicant
1115 3123 1150 3186 et
1174 3114 1219 3186 ad
1244 3139 1345 3186 omno
1370 3140 1480 3213 genus
1507 3115 1633 3188 artium
1656 3123 1692 3187 et
1718 3114 1952 3188 doctrinarum
1976 3123 2048 3188 tam
2071 3113 2145 3214 apti

621 3257 725 3332 quam
751 3232 795 3305 ad
817 3257 919 3305 omne
941 3233 1132 3306 venustatis
1164 3243 1199 3306 et
1227 3233 1417 3331 elegantiae
1445 3258 1557 3332 genus
1588 3243 1757 3306 enatura
1786 3233 1879 3310 iacti.
1932 3234 2005 3312 Qui
2038 3233 2144 3308 artili-

619 3375 700 3424 cum
726 3352 935 3424 Graecorum
966 3353 1128 3451 reliquias
1157 3353 1391 3441 admirantur,
1422 3363 1554 3450 quanto
1583 3377 1684 3450 opere
1714 3353 1833 3452 poiisin
1860 3353 2145 3450 eteloquentiam

621 3468 825 3542 admiraturi
858 3481 993 3556 essent,
1030 3472 1059 3544 si
1093 3471 1388 3568 quemadmodum
1422 3472 1538 3546 oeulos
1574 3471 1743 3546 habemus
1777 3496 1915 3559 omnes,
1944 3469 1992 3542 sic
2023 3493 2145 3542 onrnes

622 3587 745 3660 Graeci
773 3589 940 3660 sermonis
969 3589 1231 3688 intelligentiam
1258 3591 1434 3666 haberent.
1486 3591 1578 3664 Nam
1607 3591 1692 3690 qnid
1717 3591 1862 3690 exiguae
1886 3589 2058 3664 artificum
2082 3587 2144 3662 ob·

622 3705 812 3778 scuriorum
854 3707 1018 3806 reliquiae
1061 3709 1219 3799 (Phidiae
1254 3709 1347 3782 enim
1380 3735 1435 3784 ars
1468 3717 1504 3783 et
1534 3711 1714 3784 Praxitelis
1743 3719 1780 3784 et
1813 3709 1942 3782 summi
1975 3709 2144 3806 cuiusque

623 3847 748 3898 manus
776 3826 891 3923 periit)
929 3827 1014 3924 quid
1038 3829 1202 3926 exiguae,
1228 3829 1393 3928 inquam,
1419 3829 1591 3902 minorum
1615 3830 1787 3902 artificum
1812 3827 1977 3924 reliquiae
2000 3828 2044 3902 ad
2070 3829 2144 3900 Ho-

622 3943 710 4016 meri
742 3946 861 4042 pobsin
894 3955 956 4020 aut
990 3947 1189 4045 Lyricorum
1223 3961 1284 4022 eut
1307 3949 1557 4047 Tragicorum?
1591 3947 1677 4046 quid
1697 3947 1742 4022 ad
1767 3945 2034 4044 Aristophanis?
2058 3945 2145 4043 quid

623 4061 669 4134 ad
703 4061 957 4138 Historicorum
991 4078 1236 4154 monumenta,
1267 4077 1328 4140 aut
1360 4068 1575 4140 Oratorumi'
1610 4067 1696 4164 quid
1725 4066 1771 4140 cd
1798 4066 1980 4142 Platonis?
2016 4066 2080 4138 Est
2104 4089 2144 4138 ea

625 4191 660 4254 et
694 4207 828 4280 semper
860 4186 926 4258 erit
959 4185 1048 4259 inter
1080 4185 1318 4258 excellentiora
1354 4186 1535 4260 hominum
1566 4185 1706 4284 ingenia
1741 4186 1900 4284 cognatio
1930 4194 1970 4258 ur
1992 4183 2078 4256 nibil
2101 4207 2144 4258 es

624 4297 691 4372 illis
718 4305 876 4398 quamvis
901 4305 1004 4402 longa
1028 4313 1198 4376 vetustate
1224 4329 1398 4377 senescere
1426 4303 1544 4401 possit.
1596 4305 1737 4380 Florent
1757 4315 1792 4378 et
1813 4303 1987 4378 florebunt
2005 4312 2143 4378 aeterna

623 4417 783 4506 iuventn;
811 4422 877 4493 nisi
901 4422 988 4496 lorte
1010 4435 1112 4522 putes
1141 4423 1256 4498 divina
1282 4423 1428 4498 Homeri
1452 4423 1603 4498 carmina
1628 4424 1681 4498 his
1707 4426 1827 4500 decem
1852 4432 1936 4510 aut,
1961 4421 1991 4496 si
2012 4421 2143 4508 mavis,

624 4537 679 4612 his
704 4539 827 4639 viginti
856 4542 1001 4616 saeculis
1025 4542 1212 4618 vetustiora
1237 4569 1313 4618 esse
1336 4543 1436 4618 lacte.
2033 4525 2036 4532 Ι

672 4658 813 4732 Floreat
843 4661 943 4748 talia,
973 4662 1136 4759 inquam,
1169 4670 1307 4736 aeterna
1334 4663 1474 4736 iuventa
1501 4669 1537 4736 et
1567 4687 1701 4762 semper
1726 4661 1910 4735 florebunt.
1961 4659 2016 4732 De
2045 4683 2142 4759 prae·

624 4777 751 4852 stantia
783 4781 878 4878 apud
911 4781 1145 4880 intelligentes
1180 4779 1263 4854 satis
1294 4781 1342 4854 sio
1373 4781 1505 4856 dictum
1531 4791 1622 4856 esto:
1650 4781 1694 4852 de
1717 4803 1784 4852 usu
1806 4777 1929 4851 dicam.
1982 4777 2144 4878 Intelligo
